2774 4538
514 330 707 370 ARUNDINES
731 331 825 370 cnm.

118 451 260 459 ---—...-.
279 453 310 459 -,.
331 450 604 460 -.,,..-.-.-.--.-..--
616 449 710 456 -.—..
737 447 1116 454 ..---—--.—.·-.--.---.--
1130 447 1135 452 -
1151 447 1166 454 .-

212 553 286 638 lpse
307 524 402 617 animi
423 554 553 640 simplex
574 555 663 641 largi,
686 577 754 641 quae
776 553 910 618 rerum
931 554 1012 618 utro

258 672 397 759 Largior,
418 674 545 760 agnovit
565 674 663 738 libera
683 675 775 752 dona,
800 673 909 736 Deus:

212 792 338 877 Pauper
358 794 545 878 pauperibus
566 795 743 879 lacrymam,
765 792 957 871 munuscula,
980 792 1069 868 fudit,

257 911 307 975 Ex
328 921 399 977 voto
421 913 498 978 coeli
519 922 631 978 nactus
651 912 828 978 amicitiam.

94 1094 100 1177 l
214 1097 277 1161 Sed
297 1118 396 1183 neque
417 1098 547 1162 virtutes
569 1099 706 1162 evolvere
727 1100 848 1186 longius
869 1100 949 1177 illas,

95 1180 102 1371 Ι
256 1216 323 1281 Nec
344 1217 420 1281 vitia
439 1240 460 1282 a
480 1219 615 1282 tenebris
637 1219 802 1284 dissociare
823 1219 915 1283 velis:

215 1335 277 1420 Spe
298 1335 414 1422 pariter
434 1337 539 1415 tacita,
562 1338 678 1423 pariter
698 1348 815 1403 terrore
836 1339 1009 1425 quiescunt,

119 1428 120 1434 ἵ
258 1455 297 1519 In
320 1456 425 1520 Patris
447 1464 561 1520 aeterno
583 1479 645 1522 non
666 1458 808 1523 adeunda
828 1459 908 1523 sinu.

959 1544 994 1608 J.
1018 1543 1063 1608 H.
1086 1545 1136 1608 u.
1214 1520 1216 1535 '

581 1685 773 1694 -——-.—

468 1847 598 1911 sums
629 1847 889 1928 suruuoun.

259 2000 427 2064 Burouan
449 2000 566 2064 accessi
588 2002 645 2064 sub
667 2000 783 2085 pariete
805 2023 926 2085 semper
946 2011 1100 2088 agentem,
1215 2066 1217 2079 1

124 2116 125 2178 l
259 2119 398 2183 Vocibus
419 2119 507 2184 elicui
528 2119 667 2205 magicis,
689 2120 832 2206 venitque
854 2129 998 2185 vocatus:

125 2244 126 2325 J
256 2239 351 2302 Alam
372 2238 472 2302 divelli
494 2238 723 2326 vespertilionis,
746 2239 849 2304 ocellis

258 2358 385 2422 Privato
407 2360 527 2422 bubone
548 2359 749 2444 prius-quid
769 2360 857 2444 plura
878 2359 1035 2444 requiras?

1033 2478 1072 2544 u.
1093 2479 1137 2542 H.

574 2573 771 2614 ξλ-

527 2751 596 2817 sic
627 2751 824 2817 SEMPER.

127 2924 128 2951 r
259 2889 314 2952 S1o
336 2888 411 2952 mihi
433 2889 471 2952 de
492 2889 606 2953 teneris
626 2911 697 2973 spes
718 2889 877 2953 infeliciter
897 2888 995 2967 annis,
1067 2907 1071 2914 “

302 3007 346 3071 Et
367 3016 439 3072 vota
459 3016 491 3071 et
514 3007 632 3093 cupidae
652 3007 826 3092 praeteriere
847 3009 973 3092 preces!

258 3128 397 3192 Arbusta
417 3128 450 3190 in
470 3127 572 3212 sylvis,
594 3127 627 3190 in
647 3127 751 3213 aprico
771 3127 914 3192 flosculus
935 3128 1069 3220 horto—

219 3288 222 3296 ·
302 3247 367 3311 Sub
388 3246 529 3311 manibus
549 3255 678 3332 pereunt
699 3246 802 3310 omnia
822 3247 928 3331 pulcra
948 3246 1036 3310 meis.

129 3450 130 3462 χ
261 3367 296 3430 Si
316 3367 394 3431 forte
415 3366 502 3430 effusi
523 3366 687 3430 mirantem
708 3366 809 3452 fulgur
830 3366 927 3442 ocelli,
1049 3411 1050 3416 η

302 3485 326 3548 J
327 3507 377 3548 am
398 3507 448 3550 me
470 3492 637 3569 surpuerat¹
654 3486 725 3548 cara
746 3484 863 3569 capella
877 3483 969 3560 mihi,

129 3649 130 3663 ,
263 3602 341 3668 Oum
362 3603 454 3668 sciret
474 3603 590 3680 uocem,
613 3609 731 3687 peteret
752 3623 821 3665 mea
841 3601 937 3678 basia,
959 3623 1080 3664 mecum
1218 3616 1220 3665 ἱ

304 3722 521 3788 Luderet-ad
543 3729 658 3786 certam
679 3721 813 3785 mittitur
834 3721 885 3784 illa
907 3722 1033 3784 necem!
1218 3693 1220 3761 l

1028 3837 1139 3901 no.
1218 3786 1220 3931 l

1216 3940 1220 3996 l

128 4044 487 4073 'Qu-...mmm-
496 4060 753 4070 -Ἣ
