2774 4538
664 283 759 290 ----·.
787 284 814 289 ---

536 377 730 420 lanuuium
754 379 848 420 caui.
1154 357 1194 422 91
1238 338 1241 429 l

1139 500 1235 510 -2-0-

146 832 149 844 ι
510 733 701 808 FKBULA
732 740 871 807 VITAE.
1235 678 1239 767 l

146 877 149 888 ⁵
181 890 184 894 ’
232 900 304 982 Quo
326 909 431 986 partes
451 902 581 989 agimus,
604 910 687 968 terra
707 912 756 969 est
777 925 939 968 commune
959 902 1125 982 theatrum,
1234 898 1238 975 l

145 1091 148 1132 i
231 1035 391 1123 Scenaque
411 1037 581 1102 factorum:
612 1037 770 1104 instabiles
791 1039 920 1116 eximus,
943 1037 1064 1118 inimus,

233 1155 415 1258 Fabulaque
435 1171 469 1238 in
490 1180 609 1258 septem
629 1173 701 1238 vitre
721 1173 901 1259 producitur
921 1181 1020 1238 actus.

143 1360 146 1399 3
231 1305 387 1392 Principio
408 1306 441 1370 in
463 1307 551 1372 cunis
572 1307 657 1394 vagit
677 1307 744 1374 sine
764 1308 879 1374 viribus
900 1308 1010 1385 infans,

143 1484 145 1502 .
231 1441 429 1528 Nutricisque
449 1442 519 1507 sinu
540 1442 635 1507 vomit
656 1450 689 1507 et
709 1441 812 1508 lallare
833 1452 965 1508 recusat.

232 1577 309 1642 Inde
329 1599 405 1663 puer
426 1578 570 1663 quemlus
590 1579 689 1644 doctae
711 1579 837 1644 delubra
859 1579 1008 1644 Minerve

231 1713 406 1799 Suspensus
426 1714 536 1779 dextre
556 1714 681 1793 loculos,
703 1723 736 1780 et
756 1715 876 1782 lucidus
896 1737 960 1794 ora,

232 1850 361 1914 Incessu
381 1849 471 1913 tardo
491 1850 628 1937 adrepit:
659 1860 728 1916 tum
748 1850 847 1917 tristis
867 1860 987 1918 arcator

232 1983 382 2049 Fomacis
403 1983 465 2048 ritu
486 1984 591 2064 fervet,
616 2007 757 2072 caraeque
777 1985 886 2073 puellae

232 2119 330 2183 Molle
351 2119 546 2205 supercilium
568 2120 689 2208 lugubri
710 2119 845 2186 carmine
865 2121 980 2188 laudat.

232 2254 318 2320 Hinc
339 2256 469 2322 bellator
488 2265 588 2334 atrox,
610 2257 643 2320 in
660 2256 765 2344 jurgia
785 2266 946 2344 promptus
967 2265 1000 2323 et
1019 2257 1131 2335 audax,

143 2372 145 2385 ¹
231 2393 349 2457 Jurans
370 2414 425 2478 per
445 2393 513 2458 loca
533 2393 621 2470 mira,
644 2392 717 2459 ferae
737 2394 885 2458 barbatus
905 2393 946 2457 ad
967 2393 1074 2473 instar,
1234 2362 1235 2375 ἵ

142 2540 144 2550 ’
232 2529 359 2592 Vanum
380 2536 413 2593 et
434 2529 524 2593 inane
545 2529 639 2593 decus
659 2528 707 2593 vel
727 2529 760 2592 in
781 2529 848 2614 ipso
869 2529 973 2594 limine
993 2530 1101 2595 mortis
1234 2569 1236 2607 ς

141 2648 143 2731 ζ
233 2663 350 2745 Quaerit
371 2685 476 2742 ovans,
498 2663 653 2749 vitamque
673 2664 759 2749 cupit
779 2685 836 2749 pro
857 2663 947 2729 laude
967 2664 1101 2750 pacisci!
1234 2646 1236 2760 ἱ

233 2797 398 2863 Proximus
419 2798 451 2862 iu
472 2820 597 2864 scenam
614 2799 711 2884 judex
732 2799 827 2864 venit.
872 2799 929 2863 llle
949 2800 1081 2864 rotundo

142 2928 144 2954 '
233 2931 353 2998 Ventre
373 2933 456 3019 capit
476 2934 601 3019 pullam,
623 2934 775 3021 lauteque
795 2935 923 3020 opsonia
943 2957 1067 3014 mensae,

233 3067 417 3134 Contractus
437 3077 583 3156 torquens
605 3069 718 3149 oculos,
740 3071 895 3157 barbaque
915 3071 1089 3152 timendum

142 3228 144 3264 ι
234 3202 400 3290 Verbaque
421 3205 512 3270 docta
533 3205 616 3292 loqui
637 3207 725 3284 solet,
748 3215 781 3272 et
802 3228 880 3271 nova
901 3229 1040 3294 promere
1060 3208 1161 3285 facta3
1236 3176 1238 3255 ἶ

233 3339 278 3404 Et
298 3339 357 3405 sibi
377 3339 422 3405 sic
443 3340 582 3427 proprias
601 3349 705 3427 partes
724 3343 801 3429 agit.
846 3343 924 3408 Inde
944 3352 1070 3410 senecta

234 3475 411 3541 Vaccillans
431 3498 525 3542 curva
544 3476 669 3555 titubat,
691 3477 878 3543 macilentus·
893 3478 1055 3558 homullus,

143 3568 146 3600 ἵ
234 3607 322 3674 Lara
341 3611 521 3698 podagrosoe
541 3632 717 3698 supponens
737 3613 876 3700 tegmine
895 3613 1028 3700 plantae;

234 3746 292 3811 (lui
313 3769 387 3832 pera
407 3748 448 3812 ad
468 3747 550 3812 letus
570 3758 628 3827 cst,
651 3758 684 3813 ct
704 3749 801 3814 vitree
821 3749 937 3814 lumina
957 3772 1087 3825 nasum;

231 3881 301 3960 (lui,
322 3884 401 3947 bene
422 3890 571 3960 servatus,
589 3885 656 3969 jam
677 3885 775 3970 major
796 3907 884 3950 crure
904 3885 1081 3951 cothurnus.

147 4113 277 4122 -——--.--
291 4115 950 4131 --—-.-——--...·-·.--.-.—--q--—---...-·---—--·
966 4117 1042 4125 ...ss
1082 4117 1235 4124 ---·-—-—·
