2774 4538
798 275 892 282 -—·-———-

527 371 721 410 anonvmus
746 372 840 410 CAMI.

490 797 626 864 CANIS
656 798 873 866 RABIDUS.

219 950 367 1028 Annus,
391 950 419 1014 0
441 951 532 1029 cives,
555 951 661 1038 quovis
681 975 721 1016 ex
742 953 848 1017 ordine
869 953 944 1032 nati,

263 1081 307 1146 Et
327 1084 433 1168 patula
453 1094 576 1188 nostros
596 1087 735 1151 imbibite
755 1109 829 1150 eure
850 1086 977 1159 modos;

220 1215 263 1280 Et
284 1217 311 1281 si
332 1219 411 1282 forte
432 1220 542 1306 quibus
562 1221 700 1286 videatur
721 1220 874 1306 perbrevis
895 1241 973 1300 esse,

262 1353 333 1437 Non
354 1355 447 1420 saciet
469 1356 591 1443 longam
612 1357 715 1422 fabula
735 1365 803 1422 tota
825 1377 953 1421 moram.

218 1575 302 1640 Rure
323 1578 497 1641 suburbano
518 1579 643 1664 qnidam
663 1579 795 1655 vivebat,
816 1585 852 1642 ut
873 1576 971 1648 aiunt.

260 1715 329 1796 Quo
350 1715 450 1779 laudis
471 1738 627 1802 nunquam
648 1716 769 1801 dignior
789 1716 868 1779 alter
888 1725 974 1790 erat3

218 1849 290 1912 Non
310 1872 421 1935 parcus
444 1851 595 1936 Superum
616 1853 724 1928 cultor,
746 1852 773 1916 si
794 1851 947 1915 oredimus
968 1852 1023 1928 ori,

258 1986 345 2050 Ante
367 1987 453 2051 Deos
474 1988 596 2072 quoties
616 1987 753 2052 flecteret
776 1987 826 2051 ille
848 2009 940 2072 genu.

217 2205 371 2271 Hostibus
391 2207 442 2271 hio
463 2215 643 2272 mansuetus
663 2215 739 2286 erat,
762 2206 892 2272 dilectus
913 2207 1032 2284 amieis,

260 2341 300 2405 In
319 2351 448 2406 cunctos
468 2341 554 2406 mirae
574 2342 747 2407 sedulitatis
767 2343 878 2407 homo:

218 2478 316 2564 Inque
337 2477 404 2542 dies
424 2479 523 2564 spisso
544 2479 660 2542 nudum
682 2479 803 2542 velabat
824 2479 950 2556 amictu,

258 2612 338 2678 (bum
358 2635 426 2678 sese
447 2614 480 2678 in
499 2622 601 2678 vestes
621 2613 721 2677 induit
741 2613 808 2698 ipse
828 2636 910 2678 suus.

218 2833 274 2898 Illa
294 2835 373 2899 forte
395 2834 481 2899 oanis
501 2857 570 2898 sese
590 2835 767 2898 stabulabut
787 2835 820 2897 in
842 2835 937 2909 urbe;

258 2970 325 3034 Neo
346 2971 456 3033 mirum
477 2970 682 3034 est—multos
702 2972 777 3035 urbs
797 2972 891 3034 babet
911 2969 963 3034 illa
984 2991 1085 3034 canes.

217 3104 284 3170 Illic
307 3106 552 3190 Spartanumque
573 3126 671 3189 genus
692 3106 846 3191 fortesque
871 3105 1012 3183 Molossi,

258 3243 302 3306 Et
323 3242 415 3305 eatuli
438 3241 576 3316 infames,
599 3242 747 3328 squallida
770 3244 869 3318 turba,
892 3251 995 3307 ruunt.

213 3463 292 3527 Cum
314 3466 449 3530 nondum
470 3465 540 3528 lites
560 3464 713 3528 indixerat
734 3486 813 3528 unus
834 3474 865 3528 et
885 3466 975 3544 alter,

256 3600 395 3674 Junotus
416 3600 551 3664 amicitia
572 3621 643 3663 oum
665 3621 740 3664 eane
761 3600 837 3666 vixit
862 3601 966 3666 bomo.

215 3736 410 3815 indemnis,
433 3737 584 3822 quaedam,
609 3737 710 3814 oredo,
734 3736 793 3800 sibi
815 3738 976 3801 commoda
998 3757 1147 3820 quaerens,
1219 3760 1222 3817 ἦ

260 3873 314 3937 uu
335 3873 437 3937 sunto
460 3874 593 3950 moiun,
616 3871 802 3957 dilaniatque
823 3873 932 3935 vnum.
1219 3827 1222 3908 f

122 4099 1054 4112 ——-—-————--————-—---.--—-——-........-.—---—--
1071 4106 1098 4110 —
1120 3954 1222 4112 ..μ-κα,
