<?xml version="1.0" encoding="UTF-8"?>
<!DOCTYPE html PUBLIC "-//W3C//DTD XHTML 1.0 Transitional//EN"
    "http://www.w3.org/TR/xhtml1/DTD/xhtml1-transitional.dtd">
<html xmlns="http://www.w3.org/1999/xhtml" xml:lang="en" lang="en">
 <head>
  <title>
</title>
<meta http-equiv="Content-Type" content="text/html;charset=utf-8" />
  <meta name='ocr-system' content='tesseract 3.04.00' />
  <meta name='ocr-capabilities' content='ocr_page ocr_carea ocr_par ocr_line ocrx_word'/>
</head>
<body>
  <div class='ocr_page' id='page_1' title='image "./arundinescamisi01drurgoog_0266.png"; bbox 0 0 2760 4546; ppageno 0'>
   <div class='ocr_carea' id='block_1_1' title="bbox 506 293 1212 443">
    <p class='ocr_par' dir='ltr' id='par_1_1' title="bbox 506 293 1212 443">
     <span class='ocr_line' id='line_1_1' title="bbox 506 293 1212 443; baseline 0.004 -7"><span class='ocrx_word' id='word_1_1' title='bbox 506 397 698 437; x_wconf 78' lang='lat' dir='ltr'>suuuorrurs</span> <span class='ocrx_word' id='word_1_2' title='bbox 722 397 815 438; x_wconf 80' lang='lat' dir='ltr'>crui.</span> <span class='ocrx_word' id='word_1_3' title='bbox 997 293 1212 443; x_wconf 51' lang='lat' dir='ltr'>flii-i</span> 
     </span>
    </p>
   </div>
   <div class='ocr_carea' id='block_1_2' title="bbox 734 511 976 522">
    <p class='ocr_par' dir='ltr' id='par_1_2' title="bbox 734 511 976 522">
     <span class='ocr_line' id='line_1_2' title="bbox 734 511 976 522; baseline -0.012 0"><span class='ocrx_word' id='word_1_4' title='bbox 734 515 744 522; x_wconf 75' lang='lat'>.-</span> <span class='ocrx_word' id='word_1_5' title='bbox 796 511 851 522; x_wconf 66' lang='lat' dir='ltr'>.au-</span> <span class='ocrx_word' id='word_1_6' title='bbox 882 511 976 518; x_wconf 73' lang='lat'><em>--=·-··</em></span> 
     </span>
    </p>
   </div>
   <div class='ocr_carea' id='block_1_3' title="bbox 508 572 1210 747">
    <p class='ocr_par' dir='ltr' id='par_1_3' title="bbox 508 572 1210 747">
     <span class='ocr_line' id='line_1_3' title="bbox 508 572 1210 747; baseline -0.001 -61"><span class='ocrx_word' id='word_1_7' title='bbox 508 622 572 686; x_wconf 80' lang='lat' dir='ltr'>Ao</span> <span class='ocrx_word' id='word_1_8' title='bbox 603 620 812 686; x_wconf 70' lang='lat' dir='ltr'>Moerum</span> <span class='ocrx_word' id='word_1_9' title='bbox 1206 572 1210 747; x_wconf 75' lang='lat' dir='ltr'>j</span> 
     </span>
    </p>
   </div>
   <div class='ocr_carea' id='block_1_4' title="bbox 293 756 879 2504">
    <p class='ocr_par' dir='ltr' id='par_1_4' title="bbox 368 756 850 1508">
     <span class='ocr_line' id='line_1_4' title="bbox 369 756 811 836; baseline 0.007 -17"><span class='ocrx_word' id='word_1_10' title='bbox 369 756 393 819; x_wconf 86' lang='lat' dir='ltr'>J</span> <span class='ocrx_word' id='word_1_11' title='bbox 396 781 477 821; x_wconf 78' lang='lat' dir='ltr'>usus</span> <span class='ocrx_word' id='word_1_12' title='bbox 498 757 593 835; x_wconf 81' lang='lat' dir='ltr'>abire,</span> <span class='ocrx_word' id='word_1_13' title='bbox 616 779 672 822; x_wconf 86' lang='lat' dir='ltr'>nee</span> <span class='ocrx_word' id='word_1_14' title='bbox 693 779 811 836; x_wconf 81' lang='lat' dir='ltr'>recuso,</span> 
     </span>
     <span class='ocr_line' id='line_1_5' title="bbox 371 868 774 954; baseline -0.002 -21"><span class='ocrx_word' id='word_1_15' title='bbox 371 868 588 954; x_wconf 80' lang='lat' dir='ltr'>Leorymurum</span> <span class='ocrx_word' id='word_1_16' title='bbox 609 891 676 933; x_wconf 88' lang='lat' dir='ltr'>rore</span> <span class='ocrx_word' id='word_1_17' title='bbox 697 869 774 945; x_wconf 84' lang='lat' dir='ltr'>fuso,</span> 
     </span>
     <span class='ocr_line' id='line_1_6' title="bbox 370 978 797 1065; baseline -0.005 -21"><span class='ocrx_word' id='word_1_18' title='bbox 370 979 476 1065; x_wconf 84' lang='lat' dir='ltr'>Gulpis</span> <span class='ocrx_word' id='word_1_19' title='bbox 497 1000 552 1064; x_wconf 90' lang='lat' dir='ltr'>pro</span> <span class='ocrx_word' id='word_1_20' title='bbox 573 978 797 1065; x_wconf 83' lang='lat' dir='ltr'>praeteritorum</span> 
     </span>
     <span class='ocr_line' id='line_1_7' title="bbox 368 1089 736 1166; baseline -0.005 -12"><span class='ocrx_word' id='word_1_21' title='bbox 368 1089 558 1154; x_wconf 81' lang='lat' dir='ltr'>Juvenilium</span> <span class='ocrx_word' id='word_1_22' title='bbox 578 1111 736 1166; x_wconf 82' lang='lat' dir='ltr'>annorum,</span> 
     </span>
     <span class='ocr_line' id='line_1_8' title="bbox 370 1197 780 1285; baseline -0.002 -22"><span class='ocrx_word' id='word_1_23' title='bbox 370 1197 423 1277; x_wconf 86' lang='lat' dir='ltr'>Et,</span> <span class='ocrx_word' id='word_1_24' title='bbox 445 1200 478 1263; x_wconf 90' lang='lat' dir='ltr'>in</span> <span class='ocrx_word' id='word_1_25' title='bbox 498 1200 589 1264; x_wconf 86' lang='lat' dir='ltr'>eorde</span> <span class='ocrx_word' id='word_1_26' title='bbox 609 1198 780 1285; x_wconf 83' lang='lat' dir='ltr'>poenitenti,</span> 
     </span>
     <span class='ocr_line' id='line_1_9' title="bbox 370 1309 850 1396; baseline -0.002 -22"><span class='ocrx_word' id='word_1_27' title='bbox 370 1310 521 1396; x_wconf 78' lang='lat' dir='ltr'>Tempore</span> <span class='ocrx_word' id='word_1_28' title='bbox 541 1332 597 1396; x_wconf 91' lang='lat' dir='ltr'>pro</span> <span class='ocrx_word' id='word_1_29' title='bbox 618 1311 677 1374; x_wconf 86' lang='lat' dir='ltr'>hoe</span> <span class='ocrx_word' id='word_1_30' title='bbox 698 1309 850 1396; x_wconf 88' lang='lat' dir='ltr'>praesenti.</span> 
     </span>
     <span class='ocr_line' id='line_1_10' title="bbox 371 1420 788 1508; baseline 0 -22"><span class='ocrx_word' id='word_1_31' title='bbox 371 1422 455 1503; x_wconf 73' lang='lat' dir='ltr'>Quin</span> <span class='ocrx_word' id='word_1_32' title='bbox 475 1429 508 1486; x_wconf 90' lang='lat' dir='ltr'>et</span> <span class='ocrx_word' id='word_1_33' title='bbox 529 1420 654 1508; x_wconf 80' lang='lat' dir='ltr'>pellium</span> <span class='ocrx_word' id='word_1_34' title='bbox 674 1421 788 1486; x_wconf 80' lang='lat' dir='ltr'>umoris</span> 
     </span>
    </p>

    <p class='ocr_par' dir='ltr' id='par_1_5' title="bbox 293 1531 879 2504">
     <span class='ocr_line' id='line_1_11' title="bbox 293 1531 844 1619; baseline -0.007 -20"><span class='ocrx_word' id='word_1_35' title='bbox 293 1596 295 1600; x_wconf 87' lang='grc'>,</span> <span class='ocrx_word' id='word_1_36' title='bbox 373 1531 512 1611; x_wconf 73' lang='lat' dir='ltr'>Indum,</span> <span class='ocrx_word' id='word_1_37' title='bbox 535 1554 595 1618; x_wconf 92' lang='lat' dir='ltr'>quo</span> <span class='ocrx_word' id='word_1_38' title='bbox 615 1554 742 1619; x_wconf 85' lang='lat' dir='ltr'>pergam</span> <span class='ocrx_word' id='word_1_39' title='bbox 762 1532 844 1609; x_wconf 82' lang='lat' dir='ltr'>foris,</span> 
     </span>
     <span class='ocr_line' id='line_1_12' title="bbox 371 1643 840 1728; baseline -0.006 -20"><span class='ocrx_word' id='word_1_40' title='bbox 371 1644 461 1726; x_wconf 77' lang='lat' dir='ltr'>Quod</span> <span class='ocrx_word' id='word_1_41' title='bbox 482 1644 581 1708; x_wconf 79' lang='lat' dir='ltr'>velere</span> <span class='ocrx_word' id='word_1_42' title='bbox 601 1665 651 1708; x_wconf 87' lang='lat' dir='ltr'>me</span> <span class='ocrx_word' id='word_1_43' title='bbox 670 1643 713 1707; x_wconf 89' lang='lat' dir='ltr'>sit</span> <span class='ocrx_word' id='word_1_44' title='bbox 733 1650 840 1728; x_wconf 78' lang='lat' dir='ltr'>aptum</span> 
     </span>
     <span class='ocr_line' id='line_1_13' title="bbox 372 1755 800 1839; baseline -0.005 -21"><span class='ocrx_word' id='word_1_45' title='bbox 372 1755 459 1820; x_wconf 85' lang='lat' dir='ltr'>Inter</span> <span class='ocrx_word' id='word_1_46' title='bbox 479 1755 597 1820; x_wconf 79' lang='lat' dir='ltr'>ooelites</span> <span class='ocrx_word' id='word_1_47' title='bbox 617 1761 800 1839; x_wconf 77' lang='lat' dir='ltr'>correptum,</span> 
     </span>
     <span class='ocr_line' id='line_1_14' title="bbox 372 1863 769 1950; baseline -0.003 -22"><span class='ocrx_word' id='word_1_48' title='bbox 372 1865 423 1932; x_wconf 87' lang='lat' dir='ltr'>Sie</span> <span class='ocrx_word' id='word_1_49' title='bbox 442 1865 608 1930; x_wconf 86' lang='lat' dir='ltr'>suoeinotae</span> <span class='ocrx_word' id='word_1_50' title='bbox 630 1863 769 1950; x_wconf 73' lang='lat' dir='ltr'>piemte,&#39;</span> 
     </span>
     <span class='ocr_line' id='line_1_15' title="bbox 372 1974 687 2062; baseline 0.006 -24"><span class='ocrx_word' id='word_1_51' title='bbox 372 1975 554 2042; x_wconf 72' lang='lat' dir='ltr'>Innocentis</span> <span class='ocrx_word' id='word_1_52' title='bbox 574 1974 687 2062; x_wconf 74' lang='lat' dir='ltr'>ligatos,</span> 
     </span>
     <span class='ocr_line' id='line_1_16' title="bbox 374 2086 879 2173; baseline -0.002 -23"><span class='ocrx_word' id='word_1_53' title='bbox 374 2087 439 2152; x_wconf 81' lang='lat' dir='ltr'>Iter</span> <span class='ocrx_word' id='word_1_54' title='bbox 459 2087 572 2173; x_wconf 80' lang='lat' dir='ltr'>pluntae</span> <span class='ocrx_word' id='word_1_55' title='bbox 593 2086 799 2157; x_wconf 80' lang='lat' dir='ltr'>inehoebunt;</span> <span class='ocrx_word' id='word_1_56' title='bbox 874 2143 879 2153; x_wconf 89' lang='lat'>.</span> 
     </span>
     <span class='ocr_line' id='line_1_17' title="bbox 372 2197 813 2285; baseline -0.002 -23"><span class='ocrx_word' id='word_1_57' title='bbox 372 2199 418 2263; x_wconf 87' lang='lat' dir='ltr'>Et</span> <span class='ocrx_word' id='word_1_58' title='bbox 435 2219 579 2285; x_wconf 78' lang='lat' dir='ltr'>suprema</span> <span class='ocrx_word' id='word_1_59' title='bbox 599 2197 813 2263; x_wconf 76' lang='lat' dir='ltr'>exclamabunt</span> 
     </span>
     <span class='ocr_line' id='line_1_18' title="bbox 374 2309 736 2396; baseline -0.008 -20"><span class='ocrx_word' id='word_1_60' title='bbox 374 2311 554 2376; x_wconf 84' lang='lat' dir='ltr'>“Miserere</span> <span class='ocrx_word' id='word_1_61' title='bbox 575 2309 736 2396; x_wconf 72' lang='lat' dir='ltr'>pecatoris</span> 
     </span>
     <span class='ocr_line' id='line_1_19' title="bbox 373 2419 825 2504; baseline -0.007 -19"><span class='ocrx_word' id='word_1_62' title='bbox 373 2421 460 2487; x_wconf 85' lang='lat' dir='ltr'>Deus</span> <span class='ocrx_word' id='word_1_63' title='bbox 471 2423 501 2485; x_wconf 83' lang='lat'>!”</span> <span class='ocrx_word' id='word_1_64' title='bbox 528 2422 621 2486; x_wconf 84' lang='lat' dir='ltr'>verba</span> <span class='ocrx_word' id='word_1_65' title='bbox 641 2420 733 2504; x_wconf 89' lang='lat' dir='ltr'>hujus</span> <span class='ocrx_word' id='word_1_66' title='bbox 754 2419 825 2482; x_wconf 88' lang='lat' dir='ltr'>oris.</span> 
     </span>
    </p>
   </div>
   <div class='ocr_carea' id='block_1_5' title="bbox 560 2685 761 2694">
    <p class='ocr_par' dir='ltr' id='par_1_6' title="bbox 560 2685 761 2694">
     <span class='ocr_line' id='line_1_20' title="bbox 560 2685 761 2694; baseline -0.015 0"><span class='ocrx_word' id='word_1_67' title='bbox 560 2685 761 2694; x_wconf 78' lang='lat'>.-...-.---—</span> 
     </span>
    </p>
   </div>
   <div class='ocr_carea' id='block_1_6' title="bbox 608 2882 760 2947">
    <p class='ocr_par' dir='ltr' id='par_1_7' title="bbox 608 2882 760 2947">
     <span class='ocr_line' id='line_1_21' title="bbox 608 2882 760 2947; baseline 0 -1"><span class='ocrx_word' id='word_1_68' title='bbox 608 2883 655 2947; x_wconf 90' lang='lat' dir='ltr'>M.</span> <span class='ocrx_word' id='word_1_69' title='bbox 686 2882 760 2946; x_wconf 84' lang='lat' dir='ltr'>S.-</span> 
     </span>
    </p>
   </div>
   <div class='ocr_carea' id='block_1_7' title="bbox 247 3015 1210 3880">
    <p class='ocr_par' dir='ltr' id='par_1_8' title="bbox 247 3015 1210 3880">
     <span class='ocr_line' id='line_1_22' title="bbox 248 3015 1209 3102; baseline -0.009 -18"><span class='ocrx_word' id='word_1_70' title='bbox 248 3019 431 3084; x_wconf 74' lang='lat' dir='ltr'>Pssvuuus</span> <span class='ocrx_word' id='word_1_71' title='bbox 453 3016 503 3082; x_wconf 85' lang='lat' dir='ltr'>hie</span> <span class='ocrx_word' id='word_1_72' title='bbox 524 3017 625 3081; x_wconf 78' lang='lat' dir='ltr'>infans</span> <span class='ocrx_word' id='word_1_73' title='bbox 645 3015 729 3081; x_wconf 93' lang='lat' dir='ltr'>molli</span> <span class='ocrx_word' id='word_1_74' title='bbox 749 3018 807 3080; x_wconf 93' lang='lat' dir='ltr'>sub</span> <span class='ocrx_word' id='word_1_75' title='bbox 828 3015 943 3102; x_wconf 78' lang='lat' dir='ltr'>cespite</span> <span class='ocrx_word' id='word_1_76' title='bbox 964 3017 1085 3096; x_wconf 85' lang='lat' dir='ltr'>dormit,</span> <span class='ocrx_word' id='word_1_77' title='bbox 1207 3062 1209 3075; x_wconf 35' lang='lat' dir='ltr'>i</span> 
     </span>
     <span class='ocr_line' id='line_1_23' title="bbox 290 3126 1210 3204; baseline -0.005 -10"><span class='ocrx_word' id='word_1_78' title='bbox 290 3127 414 3194; x_wconf 74' lang='lat' dir='ltr'>Credita</span> <span class='ocrx_word' id='word_1_79' title='bbox 433 3134 506 3191; x_wconf 85' lang='lat' dir='ltr'>sunt</span> <span class='ocrx_word' id='word_1_80' title='bbox 527 3126 624 3204; x_wconf 88' lang='lat' dir='ltr'>viridi,</span> <span class='ocrx_word' id='word_1_81' title='bbox 646 3147 709 3190; x_wconf 91' lang='lat' dir='ltr'>non</span> <span class='ocrx_word' id='word_1_82' title='bbox 728 3126 812 3203; x_wconf 79' lang='lat' dir='ltr'>date,</span> <span class='ocrx_word' id='word_1_83' title='bbox 834 3126 970 3190; x_wconf 80' lang='lat' dir='ltr'>membra</span> <span class='ocrx_word' id='word_1_84' title='bbox 990 3127 1074 3203; x_wconf 86' lang='lat' dir='ltr'>soio;</span> <span class='ocrx_word' id='word_1_85' title='bbox 1207 3150 1210 3189; x_wconf 95' lang='lat'><strong>:</strong></span> 
     </span>
     <span class='ocr_line' id='line_1_24' title="bbox 249 3237 948 3324; baseline -0.006 -20"><span class='ocrx_word' id='word_1_86' title='bbox 249 3239 388 3304; x_wconf 89' lang='lat' dir='ltr'>Pulerior</span> <span class='ocrx_word' id='word_1_87' title='bbox 407 3246 501 3303; x_wconf 77' lang='lat' dir='ltr'>exuto</span> <span class='ocrx_word' id='word_1_88' title='bbox 520 3237 651 3324; x_wconf 81' lang='lat' dir='ltr'>posthae</span> <span class='ocrx_word' id='word_1_89' title='bbox 672 3237 780 3301; x_wconf 83' lang='lat' dir='ltr'>tellure</span> <span class='ocrx_word' id='word_1_90' title='bbox 801 3246 948 3324; x_wconf 84' lang='lat' dir='ltr'>resurget,</span> 
     </span>
     <span class='ocr_line' id='line_1_25' title="bbox 290 3347 973 3436; baseline 0.001 -23"><span class='ocrx_word' id='word_1_91' title='bbox 290 3349 440 3436; x_wconf 79' lang='lat' dir='ltr'>Tempore</span> <span class='ocrx_word' id='word_1_92' title='bbox 461 3350 516 3414; x_wconf 88' lang='lat' dir='ltr'>sed</span> <span class='ocrx_word' id='word_1_93' title='bbox 537 3349 619 3414; x_wconf 91' lang='lat' dir='ltr'>nullo</span> <span class='ocrx_word' id='word_1_94' title='bbox 640 3347 753 3414; x_wconf 79' lang='lat' dir='ltr'>castior</span> <span class='ocrx_word' id='word_1_95' title='bbox 773 3370 841 3413; x_wconf 84' lang='lat' dir='ltr'>esse</span> <span class='ocrx_word' id='word_1_96' title='bbox 861 3356 973 3434; x_wconf 82' lang='lat' dir='ltr'>potest.</span> 
     </span>
     <span class='ocr_line' id='line_1_26' title="bbox 247 3459 1148 3545; baseline 0.001 -19"><span class='ocrx_word' id='word_1_97' title='bbox 247 3461 351 3542; x_wconf 73' lang='lat' dir='ltr'>Quum</span> <span class='ocrx_word' id='word_1_98' title='bbox 371 3469 476 3526; x_wconf 84' lang='lat' dir='ltr'>temen</span> <span class='ocrx_word' id='word_1_99' title='bbox 495 3460 644 3526; x_wconf 82' lang='lat' dir='ltr'>attonitos</span> <span class='ocrx_word' id='word_1_100' title='bbox 664 3467 785 3545; x_wconf 89' lang='lat' dir='ltr'>rumpet</span> <span class='ocrx_word' id='word_1_101' title='bbox 807 3459 896 3524; x_wconf 76' lang='lat' dir='ltr'>Tubu</span> <span class='ocrx_word' id='word_1_102' title='bbox 916 3461 1024 3526; x_wconf 79' lang='lat' dir='ltr'>nuntia</span> <span class='ocrx_word' id='word_1_103' title='bbox 1044 3463 1148 3541; x_wconf 87' lang='lat' dir='ltr'>ooelos,</span> 
     </span>
     <span class='ocr_line' id='line_1_27' title="bbox 289 3570 991 3658; baseline 0 -22"><span class='ocrx_word' id='word_1_104' title='bbox 289 3573 466 3658; x_wconf 76' lang='lat' dir='ltr'>Juneuque</span> <span class='ocrx_word' id='word_1_105' title='bbox 487 3570 549 3637; x_wconf 87' lang='lat' dir='ltr'>sint</span> <span class='ocrx_word' id='word_1_106' title='bbox 569 3570 680 3636; x_wconf 79' lang='lat' dir='ltr'>animis</span> <span class='ocrx_word' id='word_1_107' title='bbox 700 3592 771 3635; x_wconf 84' lang='lat' dir='ltr'>osse</span> <span class='ocrx_word' id='word_1_108' title='bbox 792 3570 898 3636; x_wconf 75' lang='lat' dir='ltr'>relicte</span> <span class='ocrx_word' id='word_1_109' title='bbox 917 3572 991 3650; x_wconf 87' lang='lat' dir='ltr'>suis,</span> 
     </span>
     <span class='ocr_line' id='line_1_28' title="bbox 250 3681 1028 3768; baseline 0 -20"><span class='ocrx_word' id='word_1_110' title='bbox 250 3683 337 3750; x_wconf 88' lang='lat' dir='ltr'>Mille</span> <span class='ocrx_word' id='word_1_111' title='bbox 357 3691 412 3747; x_wconf 88' lang='lat' dir='ltr'>tuo</span> <span class='ocrx_word' id='word_1_112' title='bbox 433 3683 582 3768; x_wconf 83' lang='lat' dir='ltr'>optabunt</span> <span class='ocrx_word' id='word_1_113' title='bbox 602 3682 697 3746; x_wconf 79' lang='lat' dir='ltr'>vitem</span> <span class='ocrx_word' id='word_1_114' title='bbox 717 3681 836 3768; x_wconf 87' lang='lat' dir='ltr'>degisse</span> <span class='ocrx_word' id='word_1_115' title='bbox 857 3683 915 3747; x_wconf 91' lang='lat' dir='ltr'>sub</span> <span class='ocrx_word' id='word_1_116' title='bbox 934 3691 1028 3762; x_wconf 81' lang='lat' dir='ltr'>astro,</span> 
     </span>
     <span class='ocr_line' id='line_1_29' title="bbox 292 3791 880 3880; baseline -0.003 -22"><span class='ocrx_word' id='word_1_117' title='bbox 292 3793 390 3880; x_wconf 91' lang='lat' dir='ltr'>Inque</span> <span class='ocrx_word' id='word_1_118' title='bbox 410 3791 493 3858; x_wconf 89' lang='lat' dir='ltr'>brevi</span> <span class='ocrx_word' id='word_1_119' title='bbox 513 3800 616 3856; x_wconf 83' lang='lat' dir='ltr'>teoum</span> <span class='ocrx_word' id='word_1_120' title='bbox 637 3791 800 3876; x_wconf 87' lang='lat' dir='ltr'>deperiisse</span> <span class='ocrx_word' id='word_1_121' title='bbox 821 3792 880 3857; x_wconf 91' lang='lat' dir='ltr'>die.</span> 
     </span>
    </p>
   </div>
   <div class='ocr_carea' id='block_1_8' title="bbox 960 3901 1209 3978">
    <p class='ocr_par' dir='ltr' id='par_1_9' title="bbox 960 3842 1211 3978">
     <span class='ocr_line' id='line_1_30' title="bbox 960 3901 1209 3978; baseline 0.008 -14"><span class='ocrx_word' id='word_1_122' title='bbox 960 3901 1004 3966; x_wconf 90' lang='lat' dir='ltr'>H.</span> <span class='ocrx_word' id='word_1_123' title='bbox 1027 3902 1055 3966; x_wconf 92' lang='grc' dir='ltr'>Ι.</span> <span class='ocrx_word' id='word_1_124' title='bbox 1078 3903 1123 3967; x_wconf 93' lang='grc' dir='ltr'>Η.</span> <span class='ocrx_word' id='word_1_125' title='bbox 1207 3945 1209 3978; x_wconf 83' lang='grc'>,</span> 
     </span>
    </p>
   </div>
   <div class='ocr_carea' id='block_1_9' title="bbox 129 4138 938 4153">
    <p class='ocr_par' dir='ltr' id='par_1_10' title="bbox 129 4138 938 4153">
     <span class='ocr_line' id='line_1_31' title="bbox 129 4138 938 4153; baseline -0.007 0"><span class='ocrx_word' id='word_1_126' title='bbox 129 4144 215 4153; x_wconf 68' lang='grc' dir='ltr'>..ι-ιιι-</span> <span class='ocrx_word' id='word_1_127' title='bbox 230 4143 348 4152; x_wconf 56' lang='lat' dir='ltr'>u--n-w-n„</span> <span class='ocrx_word' id='word_1_128' title='bbox 362 4143 374 4150; x_wconf 66' lang='lat' dir='ltr'>n</span> <span class='ocrx_word' id='word_1_129' title='bbox 385 4145 393 4150; x_wconf 75' lang='lat'>.-</span> <span class='ocrx_word' id='word_1_130' title='bbox 406 4143 461 4152; x_wconf 61' lang='lat' dir='ltr'>..fla-s·</span> <span class='ocrx_word' id='word_1_131' title='bbox 471 4143 505 4150; x_wconf 75' lang='grc' dir='ltr'>--ι-</span> <span class='ocrx_word' id='word_1_132' title='bbox 511 4138 938 4150; x_wconf 33' lang='lat' dir='ltr'>msmnm-nu-m-nn-</span> 
     </span>
    </p>
   </div>
   <div class='ocr_carea' id='block_1_10' title="bbox 0 0 1389 4546">
    <p class='ocr_par' dir='ltr' id='par_1_11' title="bbox 0 0 1389 4546">
     <span class='ocr_line' id='line_1_32' title="bbox 0 0 1389 4546; baseline 0 0"><span class='ocrx_word' id='word_1_133' title='bbox 0 0 1389 4546; x_wconf 95' lang='lat' dir='ltr'> </span> 
     </span>
    </p>
   </div>
  </div>
 </body>
</html>
