2774 4538
125 264 245 271 —.-
261 261 535 268 ——--—--——
547 260 601 266 ...-..

118 269 122 433 Ι
527 359 720 398 ARUNDlNllS
743 359 839 398 clm.
1106 332 1168 399 157
1213 280 1216 425 i

126 476 629 486 -.*„.-„„„..-,.„...-.
700 475 761 482 ..
1213 432 1216 491 ι

402 599 590 682 cumin
623 600 671 664 nv
702 597 934 664 nnsnnrrs.

119 744 123 782 ³
250 753 389 834 Qurnnu
412 753 445 816 in
465 753 595 817 desertis
616 753 727 816 blanda
748 774 798 815 me
818 772 892 816 voce
913 750 1042 837 rogavit,

293 871 418 960 ‘Fraga
439 881 514 958 quot
536 873 567 936 in
587 872 687 958 pelagi
708 871 852 936 fluctibus
873 878 941 935 orta
961 871 1081 956 putesl'

252 991 318 1055 Nec
339 992 418 1056 male
439 991 575 1078 quaesitis
595 991 654 1055 hcc
675 989 858 1076 respondere
878 988 1011 1066 videbar,

293 1110 402 1175 ‘Salsa
423 1119 499 1197 quot
519 1111 637 1175 alecum
659 1110 753 1174 millia
774 1109 858 1194 sylva
879 1109 979 1174 ferat?

1020 1229 1058 1293 F.
1082 1227 1127 1292 H.

519 1594 582 1657 AD
613 1594 817 1659 AMICUM.

293 1726 398 1789 D1xr1
422 1728 501 1791 heu!
533 1729 635 1794 omnia
655 1752 736 1807 vera,
758 1730 801 1793 mi
822 1730 957 1794 sodalis!

293 1845 497 1910 Bacchanalia
518 1856 624 1912 nostra
644 1848 813 1926 terminavi,

294 1963 372 2026 (lum
393 1964 463 2028 vino
484 1974 516 2029 et
536 1966 599 2030 sale
621 1974 653 2030 et
673 1964 814 2030 omuibus
835 1967 1002 2031 cachinnis.

295 2081 431 2146 Fervens
451 2083 501 2147 ille
522 2084 616 2169 lepos,
638 2085 795 2171 fluensque
815 2085 929 2162 vinnm,

295 2201 400 2266 Mollis
421 2202 566 2268 circuitus
586 2205 773 2282 facetiarum,

295 2323 338 2387 Et
359 2325 438 2389 risus
458 2326 578 2404 hilares,
597 2327 720 2413 jocique
742 2328 831 2403 belli;

295 2443 372 2522 lmo,
394 2445 495 2509 omnis
515 2468 664 2532 generosa
683 2447 730 2511 vis
753 2447 847 2533 Lyaei,

243 2609 246 2614 -
294 2565 357 2630 Seu
379 2566 452 2652 quid
473 2567 596 2631 suavius
617 2575 665 2630 est
686 2567 925 2654 elegantiusque,

296 2684 385 2764 Quod
405 2685 494 2748 vivax
514 2685 598 2748 dedit
619 2706 679 2748 uva
699 2685 897 2750 dissolutis-

295 2801 408 2881 Quales
428 2802 592 2866 blanditias
612 2803 696 2888 prius
717 2806 864 2889 putabam

295 2921 425 2985 Ortinae
446 2922 545 3008 magis
566 2921 598 2984 in
619 2923 737 2988 disset
758 2925 859 3003 horas,

297 3040 365 3103 Aut
385 3048 458 3104 ante
480 3041 593 3127 expetii
614 3041 689 3127 ipse,
713 3066 804 3129 quam
826 3045 969 3130 perirent,

298 3157 449 3223 Ocnvivas
470 3181 645 3225 numerarer
665 3162 745 3225 inter
767 3163 883 3227 Orci—

297 3277 417 3342 Ouncta
437 3277 503 3344 haec
526 3279 675 3344 illecebris
696 3290 810 3359 carent,
833 3306 889 3348 nec
912 3286 980 3350 udae

297 3396 470 3461 Incendunt
491 3399 601 3463 animae
622 3401 871 3484 protervitatem

298 3515 360 3580 Sed
382 3516 445 3581 sive
466 3517 703 3604 Euphrosynem
723 3529 795 3605 peto
813 3524 964 3607 jocosam,

296 3635 368 3700 Non
389 3637 470 3701 inter
491 3637 611 3716 calices,
633 3650 772 3719 utente,
795 3641 894 3716 ridet;

297 3753 365 3818 Nec
385 3755 412 3818 si
435 3755 517 3819 Oura
537 3756 638 3820 sinum
658 3759 793 3844 maligna
813 3767 946 3846 torquet,

300 3872 472 3960 Mergenda
494 3883 541 3939 est
564 3877 667 3960 cyathi
688 3877 836 3940 scatentis
857 3885 946 3942 aestu.
