2760 4546
595 361 787 402 nununruns
815 361 909 403 cunr.
1193 341 1253 402 253
1278 357 1280 360 ·

493 689 687 756 ΟΑΒΜΕΝ
718 687 1010 754 HEBRAIGUM.

294 829 377 892 an
399 828 489 892 iomae
509 827 567 893 tibi
588 826 687 913 prima
707 826 783 905 dies,
805 826 878 891 iicet
898 825 1007 890 ultima
1027 824 1115 890 vitae:

336 948 411 1012 Vox
431 946 539 1032 petriae
559 945 668 1011 laudes
688 946 748 1010 ieri
768 945 879 1010 iterata
899 952 988 1009 tuas:

294 1067 353 1132 Illa
373 1067 466 1145 canit,
488 1065 594 1131 faoiles
614 1065 820 1152 quo'duxeris
841 1065 915 1129 orbe
935 1063 1117 1149 triumphos,

336 1186 420 1267 Quot
440 1185 574 1250 dominos
594 1185 678 1249 socio
699 1184 843 1249 straveris
864 1205 937 1249 ense
957 1182 1057 1258 vir0s;

293 1305 379 1386 Ques
399 1304 505 1370 tuleris
525 1304 637 1383 luuros,
659 1325 737 1391 quos
757 1303 954 1369 debellaveris
974 1303 1099 1377 hostes;

337 1423 414 1504 Quae
436 1422 556 1488 dederis
576 1421 688 1509 populo
708 1422 804 1487 libera
820 1423 892 1506 jura
912 1424 986 1487 tuo!

273 1595 275 1600 ’
295 1607 346 1672 Sis
366 1607 438 1673 lieet
458 1608 613 1692 abreptus,
635 1607 777 1694 quaednm
796 1629 868 1693 pars
888 1615 978 1693 grato
998 1607 1145 1684 manebit,

337 1725 390 1804 Et,
412 1725 487 1789 dum
506 1725 632 1790 libertas
651 1733 767 1804 nostra,
789 1725 930 1811 perennis
950 1725 1019 1792 erit.

180 1898 184 1907 ,
295 1845 429 1932 Corpore
449 1845 536 1930 lapsa
555 1852 609 1909 tuo
629 1845 771 1932 generosi
792 1845 949 1932 sanguinis
970 1846 1052 1910 unda

338 1964 410 2030 Non
430 1964 501 2028 tulit
522 1963 681 2050 indignum
702 1965 941 2031 commaculasse
961 1965 1071 2032 solum.

295 2083 324 2148 Ο
345 2091 459 2149 nostrae
479 2082 534 2147 teli
555 2090 734 2169 turgescant
754 2083 879 2149 flumine
900 2067 996 2161 uenae‚

337 2201 450 2266 vibret
471 2209 503 2266 et
524 2200 557 2264 in
578 2207 683 2265 nostro
705 2199 830 2285 spiritus
851 2200 902 2265 ille
923 2202 1011 2266 sinu!

1107 2319 1146 2384 G.
1170 2319 1212 2384 K.

476 2700 679 2766 HYMNUS
702 2699 1035 2765 VESPERTINUS.

295 2835 324 2900 0
346 2836 450 2913 Duos,
472 2858 492 2900 o
514 2835 572 2913 Tu,
594 2836 647 2922 qui
668 2843 766 2901 terras
786 2837 941 2924 coelosque
960 2836 1086 2922 perusti,

380 2956 499 3043 Quique
520 2957 602 3048 diem
623 2964 656 3021 et
676 2958 827 3036 tenebras,

264 3115 273 3135 .
296 3075 358 3156 Qui
378 3076 510 3161 perferre
527 3077 620 3163 jubes
639 3075 713 3140 laeta
733 3077 791 3140 sub
811 3075 879 3140 luce
899 3076 1028 3154 labores,

379 3195 454 3260 Otia
473 3204 564 3260 noete
584 3196 698 3271 refers3

295 3297 455 3400 Angeliois
474 3312 596 3380 functos
617 3335 743 3400 operum
763 3322 869 3378 tueare
890 3313 1047 3392 ministris,

380 3430 465 3496 Dum
485 3451 576 3517 sopor
595 3431 678 3496 altus
698 3432 810 3508 habet3

295 3547 434 3634 Spesque
454 3547 566 3614 hilnres
586 3549 710 3614 adsient
730 3557 763 3615 et
783 3550 875 3636 louge
899 3550 1000 3615 noctis
1021 3550 1052 3614 in
1073 3550 1150 3615 hora

380 3667 507 3733 Somnia
525 3677 633 3734 saneta
654 3670 740 3735 toris.
