2796 4532
521 346 715 386 ARllNDINllS
740 346 835 387 cam.

522 469 531 473 -
550 469 618 476 ι--,--
640 471 794 478 ---..ο.μ--
851 473 931 480 ...μη-

132 597 134 665 5
173 575 265 639 Heu!
296 576 426 640 multam
448 576 490 640 ad
511 586 635 642 noctem
656 587 803 665 surgente
823 600 845 642 a
864 577 930 644 sole
952 578 1095 643 laborans

131 668 133 774 j
172 693 327 761 Paulatim
349 703 520 761 extremm
542 718 684 762 curarum
705 696 805 784 vergit
825 697 866 762 ad
887 698 1015 772 horam;

131 895 133 902 Ι
172 815 279 880 Oaecus
300 814 384 879 enim
405 821 438 878 et
458 814 553 901 longa
573 816 673 879 macie
695 816 854 881 consectus
874 825 907 880 et
927 815 1018 881 annis

132 967 134 1003 ε
173 934 346 1020 Perpetuos
366 957 450 1021 aegre
471 935 592 1021 peragit
613 937 671 1000 sub
693 937 819 1000 verbere
839 957 949 1023 gyros:

131 1081 134 1145 3
172 1056 249 1130 Aut,
272 1075 330 1119 sua
351 1055 426 1119 dum
448 1055 616 1142 (llepsydra
637 1065 735 1134 vacet,
757 1056 854 1121 trahit
875 1078 988 1142 agmen
1008 1077 1178 1143 aquarum3
1228 1046 1230 1057 '

131 1170 134 1231 ἷ
175 1173 419 1260 Supremumque
441 1175 565 1252 cadens,
589 1175 714 1240 vitalem
736 1175 789 1240 ubi
810 1175 944 1241 reddidit
964 1164 1083 1254 auram,

132 1302 134 1337 ³
175 1293 211 1356 ln
232 1293 380 1380 plaustro,
403 1294 485 1379 quod
506 1292 573 1357 heri
594 1294 693 1372 duxit,
715 1295 874 1381 projectus
893 1295 1013 1370 codem,

175 1411 367 1476 Oucumfusa
387 1413 471 1490 dolet
493 1413 567 1476 dum
587 1413 717 1501 lugubre
738 1415 830 1480 turba
852 1413 992 1492 cadaver,

176 1532 330 1598 Venditur
350 1532 492 1618 impastis
512 1534 641 1598 canibus
661 1533 843 1600 lacerandus
866 1533 977 1599 Arion.

1116 1655 1152 1713 Ω.

469 1966 518 2030 ΙΝ
550 1965 712 2031 MONTE
743 1964 900 2031 GLADI.

128 2064 132 2175 l
219 2105 323 2185 Quen
347 2103 461 2189 pulcris
482 2104 515 2166 in
535 2111 642 2168 monte
664 2101 756 2167 Gladi
778 2103 962 2167 cenavimus
983 2104 1098 2168 armis!

261 2222 334 2287 Non
355 2245 492 2309 pugnam
512 2223 588 2288 vicit
610 2222 738 2288 Carolus
758 2222 944 2308 ancipitem:

219 2341 417 2427 Campestres
436 2341 533 2427 pueri,
556 2364 652 2428 quum
670 2343 737 2428 jam
758 2363 836 2428 saga
856 2342 941 2428 picta
962 2349 1133 2418 notassent,

261 2460 468 2524 Dextrorsum
487 2460 614 2526 attoniti
635 2461 808 2546 corripuere
829 2461 947 2549 fugam.
1227 2442 1229 2465 Ι

127 2464 132 2713 l
219 2646 324 2731 Oopus
344 2647 428 2710 enim
448 2669 541 2732 super
561 2668 644 2724 arva,
666 2645 735 2710 ollis
756 2646 903 2733 inglorius
925 2668 1036 2732 exspes

127 2721 131 2871 l
263 2765 452 2830 Anteferens
472 2766 578 2843 vitam,
600 2773 736 2852 proepete
757 2766 853 2830 currit
873 2786 973 2852 equo;

127 2882 132 3017 l
221 2885 274 2949 Nil
295 2885 407 2972 gladiis
428 2886 513 2964 fisus,
536 2884 588 2971 qui
609 2884 710 2951 scibat
726 2886 798 2970 jure
818 2884 911 2970 potiri

126 3026 131 3083 ;
264 3006 385 3093 Regem
406 3004 519 3070 iterum
540 3005 671 3091 sceptris
692 3005 882 3092 imperioque
902 3026 970 3070 suo.
1226 3060 1230 3097 ξ

976 3126 1019 3192 Α.
1042 3127 1081 3194 Β.
1104 3127 1150 3196 Η.
1226 3116 1229 3145 ¹

580 3265 785 3274 Μ

552 3459 822 3527 SOARABAEA.

125 3565 128 3646 l
180 3601 302 3664 Parva
326 3602 450 3678 rubens,
474 3599 646 3677 scarabeos,
669 3597 795 3661 domum
819 3595 881 3661 cito
903 3595 1034 3682 confuge
1055 3596 1184 3681 pennis;
1226 3570 1229 3660 i

125 3685 127 3777 l
180 3721 282 3786 Ardet
302 3721 386 3784 enim
407 3721 517 3784 domus
538 3719 616 3797 boec,
638 3716 759 3782 ardebit
779 3715 906 3803 parvula
926 3714 1037 3802 proles.
1225 3773 1229 3843 ι

122 3854 126 3951 p
1042 3831 1082 3895 F.
1106 3831 1151 3896 H.
1293 3874 1299 3887 a

122 3956 126 4007 l

122 4074 344 4093 Ἢ...
356 4087 384 4092 ι..
394 4087 416 4092 -ι
426 4086 1112 4099 Ἢῇ-ῌὺ---ψ-υωυ--α--ι-φ-
1126 4093 1223 4099 -.-—.—-
