2796 4532
168 237 278 245 Μὴ
286 240 646 250 -ᾞη-υ-ι--ᾑῌ-
654 233 728 248 -......“..

658 335 795 376 LECTORI
820 336 846 377 Β.

299 547 386 613 Inter
399 548 457 612 bas
475 499 559 633 bpes,
577 546 700 632 plurimi
713 546 863 612 faciebam
880 569 1070 634 quaecunque
1086 570 1107 612 a
1123 547 1226 613 Musis

166 666 169 695 ¹
212 673 401 740 nostratibus
418 674 530 740 Latine
544 674 665 740 reddita
681 674 862 760 acciperem,
881 675 1049 762 eademque
1063 676 1227 765 diligenter

168 806 170 829 ¹
210 802 421 886 excerpeban.
466 800 593 865 Etenim
606 800 792 887 experiendo
806 802 935 890 cognovi
949 802 1088 868 animum
1101 804 1226 870 lectoris

212 929 272 995 hoc
293 951 392 1017 genus
415 952 453 994 eo
475 929 619 995 libentius
640 929 736 1010 adire,
759 951 820 1017 quo
842 930 970 995 acrioris
992 930 1108 1019 ingemi
1130 932 1177 997 vis
1194 933 1227 996 in

212 1058 441 1145 interpretando
470 1059 661 1145 postulatur;
700 1079 761 1144 quo
789 1059 859 1144 plus
887 1059 1022 1147 exigitur
1049 1060 1226 1127 calliditatis

213 1186 247 1250 in
268 1186 418 1252 electione
440 1209 477 1252 ac
500 1185 726 1252 constructione
749 1185 930 1261 verborum
963 1206 1025 1272 quo
1047 1185 1228 1273 exquisitior

168 1396 171 1405 ,
212 1323 300 1400 patet
320 1315 467 1381 doctrinae
488 1314 679 1380 concinnitas
701 1315 732 1376 in
753 1315 1014 1380 accommodando
1034 1313 1147 1402 linguae
1173 1317 1226 1379 ob-

214 1442 320 1508 solebae
342 1465 404 1507 non
428 1465 484 1506 sua
507 1442 650 1516 ἰδιώματα.

300 1698 377 1760 Jam
402 1718 474 1761 vero
499 1696 619 1760 veniam
644 1696 731 1760 dubit
757 1696 874 1761 Oerrsor
895 1696 1030 1774 criticus,
1059 1696 1087 1761 si
1116 1697 1227 1761 seriem

215 1831 308 1909 atque
333 1826 512 1911 juncturam
541 1823 642 1908 operis
670 1822 814 1887 levissimi
843 1824 975 1888 facetam
1004 1823 1106 1910 magis
1136 1845 1229 1910 quam

215 1949 394 2036 legitimam,
429 1971 567 2015 meorum
599 1949 723 2028 arbiter,
757 1949 833 2013 mihi
865 1971 1062 2035 proposuero,
1107 1951 1228 2037 Quippe

215 2078 389 2143 meminerit
410 2078 502 2157 idem,
524 2077 551 2142 si

415 2295 552 2351 Illecebris
569 2301 627 2349 erat
644 2303 672 2348 et
689 2303 765 2364 grata
782 2297 899 2350 novitate
917 2296 1063 2350 morandus

412 2411 557 2478 Spectator,

217 2611 322 2686 tamen
343 2644 405 2686 non
426 2643 476 2686 me
497 2619 639 2684 fefellisse

413 2811 451 2864 ita
468 2816 571 2864 vertere
588 2809 657 2862 seria
674 2807 747 2872 ludo,

173 3037 175 3044 ,
218 2980 291 3067 quin
312 2979 345 3043 in
365 2979 493 3044 alteram
518 2984 637 3063 partem
658 2975 750 3041 libelli
776 2975 878 3040 omnia
899 2997 986 3039 sacra
1007 2993 1061 3060 per
1085 2997 1120 3040 sc
1144 2997 1228 3040 reve

218 3115 321 3173 renter
341 3115 445 3171 essent
465 3105 599 3191 seposita
620 3113 715 3190 atque
734 3103 907 3167 distributa.

306 3361 422 3426 Utrum
450 3359 578 3425 feliciter
609 3380 705 3423 necne
737 3358 839 3422 conati
871 3379 978 3423 sumus
1010 3359 1232 3424 monachorum¹

175 3563 177 3573 Α
218 3493 349 3578 hymnos
376 3487 566 3576 rhythmicos
594 3487 717 3564 imitari,
742 3486 884 3573 judicent
911 3486 981 3550 alii:
1019 3508 1115 3551 unum
1139 3485 1172 3549 id
1196 3486 1229 3549 in

176 3638 177 3673 ³
219 3622 278 3686 hoc
303 3619 371 3684 loco
393 3619 461 3703 jure
484 3617 696 3691 lamentamur,
723 3615 804 3700 quod
826 3613 887 3679 ista
910 3613 1028 3699 species
1049 3613 1228 3691 carminum,

220 3757 286 3813 tam
304 3754 399 3822 casta,
422 3754 487 3809 tam
508 3742 624 3830 pulcra,
650 3750 716 3806 tam
737 3740 827 3827 plena
848 3736 1078 3805 exercitationis
1100 3740 1229 3817 idoneoe,

221 3897 291 3942 cum
318 3876 352 3939 in
380 3874 459 3939 ludis
486 3873 626 3959 publicis,
656 3879 723 3936 tum
751 3871 833 3956 apud
864 3869 1068 3934 Academicos
1096 3877 1227 3945 nostros,
