2774 4538
553 319 748 360 ARUNDINE!
772 320 866 361 cm.

490 703 675 768 HORTUS
706 701 921 786 QUISQUE.

415 857 556 922 Honuue
577 855 653 920 mihi
674 856 803 942 quisque
823 856 934 942 placet,

455 977 516 1042 Est
535 976 681 1042 flosculus
702 975 830 1062 quisque
850 977 971 1054 σηπίη

411 1095 456 1160 Et
478 1094 559 1160 Lilio
579 1097 717 1173 absente,
739 1095 825 1160 lubet

454 1213 575 1278 Memet
595 1235 733 1280 recreare
755 1213 865 1278 Rosis:

411 1333 578 1420 Extemplo
602 1334 816 1421 Hyacinthum
837 1355 957 1422 sequor,

454 1453 592 1541 Vaganti
613 1454 641 1519 si
663 1454 749 1519 Rosa
768 1453 868 1528 desit;

410 1573 476 1638 Neo
499 1574 586 1639 Maio
608 1575 646 1639 de
667 1595 772 1639 mense
793 1595 913 1659 queror,

451 1692 541 1774 Quod
562 1693 692 1757 Juniem
712 1692 796 1756 haud
816 1692 935 1779 genuit.

408 1811 481 1875 Ah!
505 1834 587 1888 non;
610 1812 685 1876 mihi
707 1819 756 1876 est
777 1811 885 1897 volupe

451 1931 583 1996 Omnem
604 1931 728 2020 ligurire
748 1932 873 1996 florem:

408 2049 516 2114 Unum
536 2052 670 2138 seligens
691 2051 811 2128 stolide,

449 2171 563 2236 Totum
584 2193 682 2259 genus
705 2193 761 2236 our
781 2171 917 2235 irritem!

406 2357 482 2422 Flos
502 2359 630 2445 quisque
651 2359 694 2422 mi
715 2358 805 2436 ridet,
827 2358 889 2422 oris

447 2477 507 2560 Qui
528 2477 641 2564 hospes
661 2477 693 2541 in
715 2477 764 2541 his
784 2477 906 2564 vigest3

405 2596 471 2661 Nee
492 2596 618 2662 floribus
639 2596 672 2660 in
692 2596 801 2682 patriis

445 2716 514 2794 Est,
537 2717 589 2802 qui
610 2715 686 2779 mihi
707 2737 770 2781 non
790 2714 907 2780 rideat:

402 2834 537 2899 Domum
558 2835 633 2899 mihi
654 2843 744 2923 grata
764 2837 881 2921 praebet

443 2956 703 3021 AEstas-eeleris
723 2955 778 3021 sed
799 2955 864 3021 abit
877 2959 929 3019 !-—

402 3073 446 3138 Et
466 3075 621 3161 gemmula
641 3075 741 3160 prima
760 3075 873 3162 plaeet,

446 3194 512 3259 Neo
532 3194 642 3260 ultime
662 3217 725 3259 non
745 3195 869 3281 placuit.

403 3311 455 3376 Sic
475 3312 641 3376 est-mihi
663 3321 711 3377 est
732 3313 840 3400 volupe

442 3430 574 3495 Omnem
594 3430 719 3518 ligurire
739 3431 864 3496 florem:

401 3548 509 3614 Unum
530 3549 663 3638 seligens
683 3551 804 3630 stolide,

442 3667 556 3732 Totum
577 3691 676 3756 genus
697 3692 752 3734 eur
772 3671 927 3737 crucieml
995 3679 997 3684 “
