2760 4546
476 336 670 376 ARUNDINES
695 336 790 376 cnm.

522 709 746 776 VESPERA.

171 861 218 925 Tn
240 862 360 949 placido
381 862 466 926 vultu
487 862 656 949 glaucaque
678 863 710 926 in
731 872 825 940 veste,
850 862 966 942 Puella,

213 997 340 1062 Leniter
361 999 530 1085 ingressam
551 998 650 1062 lessus
670 1007 773 1063 arator
794 1005 897 1062 amat:

173 1133 229 1199 lllc
249 1135 375 1199 domum
395 1143 537 1220 repetens
557 1135 656 1198 balbae
678 1144 767 1220 parat
788 1137 892 1201 oscula
912 1136 999 1222 proli,

213 1269 257 1334 Et
278 1291 438 1334 nemorum
459 1271 594 1336 tenebris
615 1270 718 1336 omnia
739 1271 811 1336 laeta
832 1270 926 1336 canit.

170 1509 249 1576 (lum
269 1513 328 1576 sub
348 1533 518 1598 purpureos
538 1512 644 1577 condit
664 1511 710 1576 sol
731 1511 848 1576 lumina
868 1518 998 1586 montes,
1038 1559 1041 1563 -

104 1630 127 1652 ⁷
213 1645 262 1710 Tu
282 1647 358 1712 levis
378 1647 523 1713 incedens
544 1655 632 1733 prata
652 1669 764 1734 vapore
783 1648 875 1734 tegis,

174 1781 251 1847 Lilia
271 1782 419 1847 mellifero
440 1783 596 1867 perfundis
617 1805 686 1848 rore
706 1806 762 1869 per
782 1784 917 1860 herbam,

213 1917 383 1986 nutantem
404 1918 515 1984 violam
535 1928 571 1985 tu
591 1919 790 2006 fragilemque
811 1920 905 1985 loves.

174 2151 251 2232 Quae
273 2151 414 2237 Dryades
435 2150 564 2237 trepidae
585 2152 729 2238 lugemnt
750 2151 824 2216 solis
844 2149 946 2215 anheli

215 2283 367 2369 Spelunca
386 2284 420 2347 in
440 2283 536 2349 tacita
556 2284 619 2348 vim
639 2283 801 2370 gelidoque
822 2303 907 2360 cavo,
966 2317 969 2324 ι

176 2418 305 2483 Lasciva
326 2427 491 2504 properant
511 2419 638 2484 reduces
658 2419 772 2484 saltare
793 2418 914 2496 chorea,

216 2553 286 2617 Pan
306 2574 427 2639 quoque
448 2553 573 2620 Silvano
594 2575 760 2666 cum'sene
780 2554 879 2618 festus
898 2551 997 2616 adest.

173 2790 276 2855 Ecce!
300 2791 385 2856 lacus
406 2791 543 2877 placidos
565 2792 764 2858 circumvolat
785 2793 850 2858 ales
871 2791 1011 2870 hirundo,

216 2927 361 2994 Cornices
382 2927 486 3008 siluas,
508 2930 632 3016 garrula
652 2931 753 3008 turba,
776 2937 907 3018 petunt;

174 3061 204 3125 A
227 3083 322 3149 grege
343 3062 513 3149 composito
535 3064 680 3149 sulcoque
702 3073 825 3130 recente
845 3064 945 3130 coloni

217 3196 376 3262 Certatum
397 3199 429 3261 in
450 3199 537 3262 viridi
559 3199 796 3285 congrediuntur
817 3201 921 3264 humo.

172 3431 298 3517 Aspicit
319 3453 466 3496 exercens
487 3441 594 3518 pastor
614 3433 680 3498 sine
701 3433 770 3520 lege
792 3434 982 3514 Oamoensm,

217 3567 402 3634 (loenanlum
423 3577 458 3633 ut
479 3569 629 3654 pecudum
651 3569 770 3656 longior
790 3573 899 3636 umbra
919 3572 1029 3645 cadat;

176 3703 268 3768 Illum
289 3705 383 3770 etiam
404 3705 496 3792 gelidi
518 3705 681 3791 tranquilla
699 3705 820 3770 silentia
840 3707 975 3771 mulcent

115 3882 116 3913 r
217 3840 389 3927 Temporis,
410 3849 443 3907 el
463 3862 556 3906 rauco
577 3840 708 3926 plurima
729 3862 835 3906 musca
855 3863 941 3906 sono.

1209 3595 1212 3665 l

1209 3690 1212 3749 l

1210 3753 1213 3826 i

1211 3840 1213 3895 l

788 4084 1021 4096 Μ-
1022 4081 1112 4089 *¹⁶⁸*-

120 4089 785 4102 *mn—«W-
