2796 4532
132 265 161 270 -.
178 266 182 271 ,
226 259 564 270 .-..—..———.--..-—-..

106 338 127 417 ¹²
520 343 715 385 Autumnus
739 343 834 382 cnm.

106 420 111 441 ι

348 479 454 486 ...ο-α...-
472 481 480 484 -
510 479 517 482 -
541 479 585 483 ----

597 642 755 710 ARION.

166 784 220 846 Eu
244 783 379 861 Circum,
402 804 442 847 en
463 780 600 846 humeris
621 781 749 846 densam
770 801 952 846 concurrere
972 781 1115 846 trubam!

127 974 129 983 Ι
166 895 284 958 Audin'
309 893 483 959 commissis
504 901 575 978 post
596 891 804 956 tintinnabula
825 891 906 956 ludis

167 1005 228 1087 Qui
249 1005 400 1091 strepitus
420 1005 463 1069 sit
485 1004 663 1071 Nobilium!
696 1003 808 1089 quibus
829 1003 954 1069 institor
973 1025 1064 1070 aures

168 1117 310 1182 Vocibus
332 1115 568 1202 obtundantque
591 1115 742 1200 Equites!
773 1114 876 1200 placet
898 1115 1041 1181 omnibus
1061 1115 1164 1182 audax

168 1227 515 1313 Sponsio—Oervicem
538 1226 656 1290 interca
673 1202 811 1290 ‘sinuavit
832 1225 866 1288 in
886 1247 1002 1302 arcum,

169 1338 340 1424 Elatusque
361 1337 467 1415 micat,
490 1337 541 1401 vix
563 1346 693 1421 captans
714 1336 841 1400 naribus
860 1357 962 1411 auras,

128 1432 130 1474 ²
169 1449 213 1513 Et
234 1459 307 1514 cute
328 1457 455 1513 curatus
476 1448 603 1534 plausus
623 1447 690 1512 abit
711 1446 793 1511 inter
812 1445 939 1521 amicos

169 1554 240 1626 Non
263 1561 376 1626 dubius
396 1560 496 1647 primo
518 1558 686 1624 certamine
707 1556 814 1634 victor,
838 1556 950 1620 Arion.

169 1765 261 1828 Nunc
283 1765 376 1850 sylvae
398 1762 554 1827 excutitur
577 1761 698 1846 Vulpes
719 1760 927 1846 penetralibus
949 1759 1028 1836 imis,

129 1931 131 1938 Α
170 1875 272 1954 Quam
293 1874 376 1939 citus
397 1872 569 1958 insequitur
590 1872 758 1956 ceudaeque
780 1870 922 1935 insistere
942 1871 1038 1958 gestit

170 1986 322 2063 Venator,
344 2007 402 2050 nec
423 2007 519 2070 equos
540 1983 659 2070 patitur
680 1981 836 2048 catulosve
857 1983 980 2048 morari.

171 2098 243 2161 Non
264 2097 351 2160 illum
372 2118 471 2182 sepes,
494 2117 557 2159 non
578 2093 668 2173 muri,
692 2093 775 2158 nulla
795 2095 954 2160 retardant

173 2208 328 2285 Flumina,
351 2209 426 2272 dum
446 2208 585 2294 praedem
606 2207 689 2272 videt
710 2214 765 2271 aut
778 2206 915 2272 ‚confidit
936 2207 1031 2284 odori,
1232 2188 1236 2263 ἶ

172 2318 316 2404 Longum
339 2318 398 2382 iter
419 2326 452 2383 et
473 2319 585 2382 dunum
605 2318 709 2382 studio
730 2318 855 2383 fallente
876 2318 1023 2383 laborem.
1233 2312 1237 2377 l

133 2449 135 2520 j
174 2430 272 2494 Lassa
292 2430 334 2493 ed
355 2429 546 2494 mortiferum
568 2429 694 2494 tandem
716 2451 751 2493 se
772 2428 889 2514 colligit
910 2429 1007 2492 ictum
1233 2415 1237 2464 1

174 2539 334 2615 Victima3
365 2539 416 2604 cui
437 2540 553 2625 pariter
574 2539 657 2605 circo
679 2548 712 2603 et
733 2539 894 2604 venatibus
914 2549 1007 2624 aptus
1032 2587 1036 2597 .

100 2671 103 2675 ·
174 2650 276 2740 lustat
298 2672 403 2727 ovans,
426 2649 622 2736 equitemque
644 2650 727 2714 videt
749 2649 944 2736 celeratque
965 2651 1066 2718 fidelis

174 2761 322 2826 Pulcrum
343 2761 422 2824 ferre
443 2782 538 2824 manu
560 2760 669 2824 caudas
690 2768 852 2846 gestamen
874 2760 985 2826 Arion.

138 2991 139 3018 i
173 2965 249 3029 Jam
271 2964 383 3041 senior,
405 2963 555 3039 titubans,
578 2983 635 3026 nec
656 2971 692 3026 ut
713 2961 785 3026 olim
806 2962 963 3029 habitator
983 2965 1102 3051 equilis,

138 3118 140 3141 2
175 3075 330 3162 Turgidus
351 3083 384 3138 et
405 3073 521 3159 planta,
544 3095 615 3137 cum
637 3074 760 3138 duxerit
780 3074 843 3152 ilia,
866 3075 1003 3155 claudus,

139 3258 141 3267 Ι
176 3186 258 3269 (Nec
279 3183 372 3270 patrii
393 3183 513 3248 interea
533 3184 636 3249 vetulo
657 3183 701 3247 nil
722 3185 882 3271 sanguinis
902 3185 1038 3272 haeret3)

174 3296 259 3360 Dum
279 3318 380 3382 genus
400 3295 517 3382 aurigae
539 3295 688 3382 indagant
709 3297 749 3359 ab
771 3294 889 3382 origiue
910 3298 1010 3384 prima

140 3426 142 3457 ²
175 3407 219 3472 Et
239 3415 379 3471 veterum
400 3405 489 3493 gnari
511 3413 684 3469 memorant
705 3406 803 3490 spolia
823 3407 927 3492 ampla
947 3418 1131 3495 pareutum

140 3535 142 3542 ·
175 3517 260 3580 Dum
281 3525 369 3581 stans
388 3517 430 3580 ad
450 3515 546 3580 limen
567 3536 715 3601 cauponae
738 3515 869 3602 ignavus
889 3539 986 3604 agaso

176 3630 297 3709 Quost
283 3627 398 3706 tulerit,
421 3627 551 3712 cyathos
572 3626 653 3692 iuter
674 3635 790 3712 crepat,
814 3627 880 3712 ipse
902 3628 1098 3713 triumph0s;

139 3709 143 3799 l
174 3741 259 3804 Dum
281 3740 395 3803 fenum
417 3746 531 3813 costas,
553 3746 647 3801 urunt
668 3745 700 3801 et
721 3738 866 3824 ephippia
887 3738 1022 3814 dorsum,

140 3806 314 3915 iTaedia
304 3849 410 3934 iniqua
431 3848 488 3914 viae
510 3848 655 3934 perfert
642 3850 768 3934 Jejunus
790 3849 900 3914 Arion
