2796 4532
114 386 135 437 ·3
516 369 710 409 sununruns
733 367 828 408 cunr.
950 411 957 422 ,
1056 285 1231 587 ,η

132 440 135 463 l

132 678 135 705 ι
1224 596 1229 725 l

576 733 770 798 SAULUS.

133 856 134 871 i
209 887 317 968 ‘Qus
340 859 429 974 potes
451 890 599 954 obscoena
619 909 694 952 voce
716 893 882 952 excantare
903 885 1050 970 sepultos,

132 1036 133 1049 ι
252 1007 370 1071 Forma
392 1007 580 1086 Sacerdotis,
601 1016 635 1072 te
656 1007 745 1084 duce,
767 1012 875 1092 surgat
896 1005 991 1068 humo
1003 1004 1023 1066 Γ

210 1127 329 1190 ‘Adsis
350 1150 390 1192 ex
412 1127 592 1191 Acheronte
612 1135 669 1191 tuo
689 1126 765 1189 mihi
783 1127 881 1212 jusso,
905 1122 1050 1189 Samuel!

253 1246 359 1310 Ecce!
393 1245 580 1323 Sacerdotis,
604 1245 683 1324 Rex,
706 1245 764 1311 tibi
785 1246 885 1311 forma
906 1242 1011 1308 venit?

127 1489 130 1559 1
210 1481 332 1546 Prodiit
354 1503 371 1546 e
392 1481 513 1546 tumulo
534 1481 655 1546 cinctus
676 1481 807 1568 caligine
832 1478 941 1557 Vates,

127 1572 129 1635 l
253 1601 355 1665 Pallet
376 1603 416 1666 ab
438 1577 558 1665 inferna
578 1609 664 1666 veste
685 1601 808 1686 reprdsa
829 1599 915 1674 dies;

127 1778 129 1825 i
212 1720 345 1784 Lumina
365 1721 526 1786 funereum
547 1729 702 1798 testantur
723 1722 786 1785 fixa
806 1740 959 1805 soporem,

127 1875 130 1927 3
253 1839 346 1904 Vena
366 1862 424 1905 suo
445 1862 543 1904 vacua
564 1847 614 1905 est
634 1840 795 1927 sunguine,
818 1841 929 1904 dextra
950 1836 1042 1924 riget.

110 1990 131 2057 ¹3
212 1958 378 2038 (laudidus,
402 1968 435 2025 et
456 1960 556 2045 qualis
576 1961 655 2026 solet
676 1982 745 2026 esse
766 1959 928 2025 silentibus
948 1956 1075 2035 umbris,

128 2092 130 2115 ¹
254 2079 318 2142 Pes
338 2078 446 2143 leviter
467 2080 551 2145 nudo
571 2079 710 2148 concutit
731 2101 801 2146 osse
822 2080 941 2144 solum:

127 2190 129 2209 '
213 2196 347 2262 Immoto
367 2207 437 2262 tum
458 2200 551 2264 verba
572 2200 668 2278 labro,
691 2200 886 2286 exanimique
907 2200 1018 2286 figura,

125 2356 127 2415 3
255 2318 321 2382 Oen
341 2341 418 2383 cava
438 2318 476 2384 de
496 2319 631 2405 scopulis
651 2319 787 2400 flamina,
809 2343 904 2385 rauca
924 2326 1048 2385 sonant.

105 2418 127 2477 ¹¹
212 2437 313 2516 Vidit,
336 2445 369 2502 et
389 2438 423 2501 in
443 2439 546 2503 medio
566 2439 740 2525 procumbit
761 2439 885 2526 pulvere
908 2439 1039 2504 Saulus:

107 2552 111 2563 '
255 2557 328 2622 Non
350 2580 483 2643 quercus
504 2557 595 2622 citior
615 2558 742 2623 lirlmine
763 2566 850 2624 tacta
871 2558 943 2622 ruit.

105 2810 109 2827 ¹
213 2793 298 2859 ‘cur
311 2815 402 2859 vocor
416 2794 448 2857 in
462 2795 584 2858 lucem!
605 2794 758 2879 placidam
773 2795 842 2880 quis
856 2794 1163 2866 srmcitatnmbramt
1212 2830 1214 2883 ι

255 2913 386 2978 Ossibus
407 2921 440 2978 et
460 2914 598 3000 requiem
619 2935 683 2977 non
703 2913 778 2977 sinit
799 2935 868 2978 esse
889 2913 986 2980 meist

213 3034 294 3120 Regi
315 3033 420 3120 igitur,
444 3034 538 3098 Sanlo
560 3034 666 3097 trahor
687 3032 815 3098 obviust
858 3033 955 3112 Ecce,
977 3035 1126 3100 cadaver!
1210 2981 1213 3075 l

256 3155 440 3242 Exsangnes
462 3154 576 3242 digitos
597 3164 630 3219 et
650 3153 754 3240 gelida
775 3176 846 3219 ossa
867 3153 956 3219 vide!
1210 3096 1213 3215 i

214 3270 294 3334 Haec
315 3291 386 3334 mea
407 3277 499 3344 sunt;
531 3277 564 3333 et
585 3277 630 3346 tn,
652 3291 748 3354 quum
768 3268 854 3332 lux
840 3291 908 3356 Jsm
928 3278 1052 3355 postera
1073 3271 1212 3358 fugit:

257 3388 385 3452 Mecum
405 3385 546 3474 deposito
568 3410 694 3473 corpore
715 3388 788 3452 talis
809 3388 880 3452 eris.
1210 3400 1212 3435 ¹

122 3542 124 3555 ι
214 3506 292 3585 Ιιιιο,
314 3515 388 3572 ante
409 3508 579 3572 aethereum
600 3530 694 3593 quam
715 3508 761 3572 sol
783 3507 981 3593 compleverit
1002 3509 1118 3588 orbem,
1209 3474 1212 3573 l

256 3626 341 3692 Talis
362 3626 422 3692 erit
443 3636 545 3708 natus,
567 3626 640 3691 talis
660 3635 694 3692 et
715 3627 781 3713 ipse
802 3634 901 3712 pater.

105 3716 108 3725 ’
214 3747 316 3825 saure,
338 3747 565 3813 breviores!
596 3747 703 3833 paucis
724 3746 898 3811 labentibus
919 3745 1013 3823 horis,
1066 3769 1067 3775 ι

257 3867 374 3932 Mistus
395 3867 454 3932 erit
475 3876 580 3932 noster
601 3876 724 3951 tempus
744 3866 777 3929 in
799 3888 890 3931 omne
911 3865 1008 3930 cinis:

506 4119 839 4128 --.--.-.-..-—..—.........-
844 4121 851 4126 .
860 4119 914 4126 a...
922 4121 987 4126 ---.
992 4119 1017 4126 ..-
1022 4117 1208 4129 ᾖ...-
