2760 4546
492 397 686 437 sunamites
710 398 808 438 CAMl.

313 511 337 518 -ι
362 509 387 518 a·
409 507 816 518 m---a--ae---u--a--un--m
846 509 894 516 ....
926 510 1205 523 Ἣ

420 707 571 772 VATES
602 705 752 772 SURGE
780 707 872 771 DEI.

270 844 386 908 Vsrns
408 865 501 931 surge
523 817 584 908 Dei
597 844 759 931 l--Surge‚
781 853 814 908 et
834 844 1005 909 adulteram

272 963 310 1026 In
331 971 457 1049 gentem
477 962 629 1028 aethereas
650 962 809 1049 praecipita
830 962 948 1027 minas:

356 1080 506 1168 Flagrum
526 1089 657 1147 concute
678 1081 748 1147 coeli

356 1201 430 1266 Hoc
451 1201 557 1265 lanum
577 1222 669 1286 super
690 1200 836 1287 impium!

271 1385 370 1452 Scalis
390 1407 503 1474 agmen
524 1386 576 1450 ubi
597 1386 714 1472 pensile
734 1386 844 1451 lucidis

270 1505 429 1570 Devenere
450 1505 518 1590 pios
539 1505 726 1592 Angelicum
746 1513 859 1591 patres,

356 1623 447 1689 Nunc
468 1623 554 1690 falsae
575 1625 697 1711 magica
717 1647 780 1690 arae

357 1744 504 1829 Splendet
524 1744 650 1808 flamma
670 1745 858 1830 crepusculo.

272 1927 299 2005 Ι,
322 1928 433 1993 devota
453 1930 566 1994 cadant
587 1952 664 1994 saxa
684 1933 742 1995 sub
763 1931 887 1996 hostia!

272 2047 299 2126 Ι,
321 2070 431 2136 sparge
453 2057 485 2113 et
506 2049 626 2116 cineres
637 2052 816 2117 l-brachia
836 2075 959 2119 macera

356 2165 457 2233 'l'orva
478 2190 562 2246 voce,
584 2171 728 2256 profanas

354 2286 585 2372 Amplectentia
605 2289 765 2375 imagines.

271 2469 361 2548 Tum,
384 2492 440 2536 nec
461 2471 554 2558 longa
575 2495 662 2537 mora
682 2482 741 2552 est,
763 2483 847 2540 verte
868 2485 950 2540 retro
971 2477 1085 2562 pedes:

271 2587 426 2653 Oalcauda
446 2597 494 2655 est
516 2592 623 2655 eadem
645 2614 707 2656 non
727 2593 784 2657 tibi
805 2594 925 2672 semita,

356 2709 405 2773 Ne
426 2732 487 2796 qua
508 2710 628 2798 impura
649 2712 789 2798 voluptas

357 2828 499 2892 Mentem
519 2829 652 2894 fascinet
672 2831 811 2897 insciam.

271 3010 340 3076 Scis
361 3033 454 3097 quam
476 3012 597 3078 difficile
618 3024 666 3080 est
686 3020 951 3104 pratereuntibus,

272 3131 341 3212 Qua
361 3131 435 3196 solis
455 3132 644 3219 placidorum
665 3135 698 3222 in
718 3159 877 3203 nemorum
895 3141 984 3228 jugis
1081 3124 1083 3128 .

358 3249 479 3316 Pulcrae
500 3254 559 3316 sub
580 3252 647 3318 face
670 3255 767 3321 Lunae
795 3239 798 3246 Α

358 3369 487 3434 Festum
498 3375 693 3459 perstrepuit
713 3377 828 3451 mcl0s;

272 3558 342 3639 Qua
362 3558 464 3643 palma
484 3567 539 3623 aut
560 3560 648 3624 viridi
669 3561 742 3627 laeta
762 3565 820 3628 sub
840 3564 909 3630 ilice

272 3675 406 3740 Dianam
427 3677 582 3742 celebrant
603 3682 740 3746 carmina
760 3684 925 3772 virginum,

357 3796 555 3884 Lascivaeque
578 3800 697 3866 choreae
718 3810 751 3866 et

357 3915 561 4002 Vespertinus
583 3920 658 3984 odor
678 3943 814 4006 precum.
