2796 4532
550 479 675 488 ——--

336 743 340 750 Ι
418 664 482 727 AD
513 660 748 727 ABSENTES
778 660 962 726 AMIOOS.

270 799 366 864 Snen
387 799 473 876 mihi,
495 799 570 862 dum
590 817 654 862 nox
674 797 737 862 late
758 796 839 874 silet,
861 805 935 861 ante
956 805 1066 861 oatena

140 973 142 1005 ,
312 919 412 1000 Quam
432 917 567 983 domitos
588 935 698 982 sensus
718 914 850 980 vinxerit
870 915 952 979 alma
973 916 1069 1001 quies,

116 1020 141 1120 {23
270 1036 449 1102 Praeteritos
469 1043 592 1122 reparat
612 1035 733 1122 magica
753 1035 913 1100 dulcedine
934 1035 1014 1098 soles

116 1125 142 1211 ff*
314 1155 528 1241 Mnemosyne,
550 1155 662 1241 cupida
681 1153 846 1218 sollicitata
865 1175 965 1239 prece.

117 1226 124 1368 ζ’
272 1273 371 1339 Omne
392 1273 473 1338 redit
494 1273 642 1361 quidquid
662 1273 762 1338 ridere
782 1280 838 1337 aut
857 1273 931 1337 flere
952 1272 1097 1350 solebam,

312 1391 468 1480 Quidquid
488 1401 521 1458 et
541 1393 626 1457 effari
647 1400 750 1458 motus
770 1413 874 1456 amore
894 1414 990 1477 puer;

117 1495 140 1545 '²
272 1513 332 1594 Qui
352 1512 522 1577 nuncluce
545 1520 660 1590 carent,
682 1511 763 1577 oouli
783 1511 927 1598 effirlgere
948 1509 1107 1584 videntum

316 1632 392 1713 Quae
412 1631 539 1716 periere,
562 1653 640 1696 novo
662 1631 755 1695 corda
774 1629 878 1715 lepore
899 1629 1025 1693 micant.

115 1844 139 1867 υ
272 1815 327 1879 Ah
347 1815 467 1902 quoties
487 1817 590 1881 animo
611 1825 730 1882 veteres
750 1815 929 1879 reminiscor
949 1815 1073 1890 amicos,

315 1935 488 2000 Indelibata
507 1943 633 2020 pectora
650 1934 760 2020 juncta
780 1934 851 2011 fide,

112 2114 116 2146 ἱ
139 2128 141 2149 Ι
273 2054 358 2134 Quos
378 2076 447 2141 ego,
469 2077 515 2119 vae
536 2053 657 2130 misero,
680 2053 742 2118 vidi
764 2052 909 2118 cecidisse
930 2061 1095 2137 superstes,

315 2172 364 2236 Ut
383 2173 457 2237 folia
477 2173 614 2258 hyberno
634 2173 756 2238 flamine
777 2181 866 2257 rapta
886 2172 1020 2246 oadunt3

114 2278 142 2329 “¹
273 2290 407 2354 Deserta
427 2291 531 2356 videor
551 2292 678 2376 spatiari
698 2299 829 2356 muretus
850 2292 883 2354 in
902 2291 982 2366 aula,

315 2411 415 2492 Quam
436 2434 533 2498 nuper
553 2412 625 2477 festi
646 2395 857 2498 perstrepuere
878 2411 982 2485 chori;

142 2544 143 2550 ’
274 2530 343 2610 Qua
362 2529 464 2616 lyohni
485 2533 551 2596 sine
571 2531 640 2596 luce
660 2539 797 2609 manent,
819 2531 886 2596 sine
907 2531 999 2595 odore
1020 2531 1158 2605 corollae;

315 2650 369 2728 Et,
391 2650 430 2715 de
451 2650 585 2716 convivis
605 2659 653 2715 tot
674 2651 775 2727 modo,
798 2650 882 2714 solus
903 2654 981 2734 ego!

980 2769 1017 2833 B.
1042 2769 1086 2833 H.
1111 2769 1152 2833 K.

515 3135 580 3198 AD
612 3135 870 3200 INFANTEM.

276 3272 445 3334 Vannuno
467 3279 556 3355 pater
576 3278 625 3334 est
645 3270 800 3334 intentus:
830 3291 941 3355 parve,
955 3271 1094 3357 quiesce;

318 3390 486 3476 Mulgendo
507 3397 623 3453 mater:
654 3411 756 3474 parve,
778 3389 910 3475 quiesce,
932 3412 1017 3476 puer.

140 3533 141 3547 ¹
276 3508 451 3572 Mercatum
471 3529 558 3571 soror
578 3508 603 3571 it
624 3507 807 3594 bombycina
827 3517 980 3594 syrmata:
1010 3509 1104 3573 frater
1232 3509 1234 3567 t

320 3628 429 3692 Vellus
449 3625 524 3691 emit
545 3634 684 3691 tenerum
705 3627 788 3711 quod
807 3635 863 3692 tua
883 3628 1020 3691 membra
1040 3636 1136 3714 tegat.
