2796 4532
125 221 526 236 ,-.—-—--—--—--—--
530 221 641 228 -—---

523 319 718 360 ARUNDINES
742 319 837 360 cnm.

547 545 827 613 LOTOPHAGI.

222 692 424 772 Qumnumu
447 691 569 777 magice
589 712 692 756 ramos
713 689 752 755 de
773 690 869 775 stirpe
890 689 1038 770 ferebant,

222 809 367 875 Floribus
387 817 420 874 et
441 809 544 874 fructu
563 809 717 896 gravidos,
738 817 772 874 et
792 808 895 874 dulcis
915 810 1026 897 cuique

220 928 313 993 Dona
333 929 467 993 dabant:
499 950 629 1015 qnorum
650 949 744 993 succo
764 928 859 992 semel
880 949 933 994 ore
954 939 1089 1017 recepto,

220 1047 302 1112 Vise
321 1047 428 1134 procul
448 1047 549 1135 longis
570 1047 727 1112 incassum
746 1046 937 1112 anfractibus
957 1049 1041 1116 unde

223 1167 348 1254 Mugire
369 1167 566 1253 increpitans,
589 1173 621 1230 et
642 1188 705 1231 non
725 1187 784 1230 sua
803 1165 895 1232 litora
915 1166 1038 1254 plangi:

221 1284 265 1350 Et
284 1285 397 1364 tenuis,
419 1285 573 1351 sociorum
593 1284 704 1372 aliquis
724 1284 752 1349 si
772 1284 852 1350 sorte
871 1285 1004 1365 locutus,

220 1404 356 1470 Stridere
377 1427 447 1482 vox,
471 1404 639 1469 Lemurum
659 1403 743 1468 velut
763 1403 916 1468 imbecilla
936 1406 1079 1491 quercla:

222 1521 267 1586 Et
286 1521 359 1588 licet
380 1520 539 1600 insomnis,
561 1542 669 1586 somno
691 1520 761 1608 cogi
781 1520 874 1608 inque
893 1522 992 1608 pediri

97 1724 101 1737 .
222 1640 350 1715 Omnis;
381 1647 414 1704 et
434 1638 548 1704 auditis
568 1637 700 1704 tremulo
720 1637 930 1705 modulamine
950 1640 1046 1720 fibris,

223 1758 322 1824 Sunve
341 1759 401 1823 sub
420 1767 532 1846 arguto
552 1757 703 1844 geminari
723 1765 848 1844 pectore
869 1779 1018 1825 murmur.

223 1876 395 1943 Consedere
417 1898 524 1942 omnes
544 1877 585 1941 nd
605 1876 694 1942 flnvae
714 1875 788 1941 litus
808 1898 920 1956 erenae,

222 1996 260 2060 In
280 1997 383 2063 medio
405 1997 487 2063 Solis
506 1997 611 2062 radios
633 1996 791 2084 Lunaeque
812 2005 954 2064 tuentes:
1055 2023 1056 2028 ¹

223 2114 267 2180 Et
286 2115 396 2201 petriae
416 2115 525 2194 dulcis,
547 2114 722 2202 sobolisque
743 2115 851 2201 irrepit
871 2115 975 2204 imago

222 2235 392 2315 Mentibus,
415 2244 447 2302 et
468 2235 581 2301 veteris
601 2234 707 2321 procul
728 2234 933 2300 oblectamina
953 2236 1043 2302 vitae:

224 2354 332 2420 'l'aedia
352 2377 426 2420 mox
446 2355 584 2442 pelagus,
606 2353 683 2418 remi
704 2375 825 2440 quoque
845 2355 939 2420 taedin
959 2355 1016 2422 visi

222 2473 366 2561 Ingerere
387 2482 420 2539 et
440 2495 559 2560 spumae
579 2471 692 2538 sterilis
711 2471 909 2560 longissimum
928 2482 1045 2549 aestus;

221 2592 328 2680 Atque
341 2593 453 2680 aliquis
465 2592 646 2658 tandem—‘
657 2612 720 2656 non
734 2591 865 2677 amplius
878 2592 1013 2672 ibimus,'
1027 2593 1144 2681 inquit:

222 2713 437 2798 Continuoque
458 2710 722 2796 omnes—‘longe
743 2731 828 2775 mare
849 2710 1000 2776 clauditur
1020 2712 1102 2778 ultrn

222 2842 231 2870 ‘
244 2832 359 2912 Insula,
374 2840 481 2898 nostra
494 2832 622 2897 domus:
646 2851 709 2894 non
722 2830 854 2916 amplius
867 2831 1153 2898 ibimus'-omnes.

1037 2953 1072 3018 O.
1098 2954 1146 3019 M.
1228 3048 1229 3057 ἵ

426 3224 555 3290 VARO
586 3225 713 3306 QUOD
744 3223 942 3290 AOOIDIT.

149 3416 153 3423 .
194 3419 199 3430 .
265 3366 364 3431 Issu-
377 3367 456 3433 forte
477 3368 578 3432 lorum
599 3367 765 3432 vendendis
787 3366 917 3454 impiger
938 3367 1022 3443 ovis;

306 3487 422 3552 Obvius
444 3486 577 3552 incurvis
597 3486 644 3552 vir
664 3487 740 3550 mihi
761 3487 798 3551 fit
817 3486 957 3572 pedibus,

264 3605 464 3671 Oruribus'et
486 3606 586 3679 varis:
617 3605 698 3669 mihi,
714 3605 911 3692 supplantare
932 3605 1084 3671 misellum
1227 3612 1229 3657 l

307 3725 382 3790 Sors
403 3732 489 3801 erat3
520 3724 552 3788 in
574 3746 665 3790 nares
686 3724 792 3789 incidit
813 3723 864 3789 ille
885 3724 960 3789 solo.
1227 3698 1229 3707 Ι

1038 3825 1076 3891 u.
1101 3826 1145 3891 Η.
1226 3792 1229 3903 l

737 3988 1229 4074 „mu
