2774 4538
513 373 707 415 nnuunmnu
729 377 824 416 ciui.
1112 357 1173 420 123
1216 319 1219 461 ἓ

338 598 460 663 Tollitis
480 601 597 664 frontes
617 600 693 664 mihi
714 601 768 686 qui
789 623 921 679 severas,

336 719 361 782 J
362 741 417 782 ure
437 741 492 783 vos
513 721 643 784 stultum
663 743 759 808 pecus
778 721 928 786 audietis:

337 837 483 902 Summus
503 838 536 901 in
557 848 625 904 toto
648 840 771 926 Sophus
790 842 865 905 orbe
885 840 965 906 belle

338 957 428 1022 Arsit
449 958 533 1022 haud
553 981 616 1023 una
636 967 724 1024 tener
744 960 777 1023 in
798 959 909 1045 puella.

381 1119 494 1184 Virent
512 1120 599 1204 junci
619 1119 767 1199 fluviales,

420 1239 518 1303 Junci
538 1261 633 1325 prope
654 1240 813 1326 lymphas:

380 1357 436 1420 Ah
456 1379 550 1444 quam
570 1359 661 1437 ridet,
683 1381 753 1446 quae
773 1381 825 1424 me
845 1358 929 1425 videt

284 1501 286 1508 ’
423 1476 513 1541 Hora
533 1477 615 1542 inter
635 1478 802 1563 nymphen!

339 1685 470 1774 Virgine
491 1697 602 1754 exacte
623 1689 683 1754 sibi
703 1689 859 1776 gratulata
879 1698 929 1754 est

338 1807 464 1872 Artifex
486 1807 616 1887 Nature,
639 1809 784 1895 operique
804 1808 939 1894 plaudit3

243 2014 246 2020 ,
339 1927 416 2009 Quae
437 1928 522 1992 rudis
544 1929 683 1992 Martem
703 1951 813 1993 manus
835 1927 1000 2014 expedivit,

339 2046 469 2112 Doctior
490 2057 605 2134 quanto
629 2048 786 2112 Venerem
807 2048 968 2133 expolivit!

321 2301 323 2306 Ι
380 2207 495 2272 Virent
512 2208 599 2294 junci
620 2207 766 2285 fluviales,
811 2241 815 2247 ·

421 2327 518 2392 Junci
537 2349 632 2414 prope
652 2327 815 2412 lymphas:

335 2460 340 2475 ¹
380 2448 435 2512 Ah
456 2470 550 2536 quum
570 2447 660 2525 ridet,
683 2469 753 2533 quae
773 2467 824 2510 me
845 2446 928 2511 videt

423 2568 516 2633 Hora
534 2567 616 2632 inter
637 2566 806 2652 nymphen!
1234 2650 1235 2653 Ἴ

590 2690 594 2697 ’
958 2685 993 2750 J.
1017 2685 1063 2751 H.
1086 2686 1135 2752 M.
1233 2738 1234 2741 ,

452 3155 514 3219 nn
545 3154 664 3220 nuso
694 3119 898 3219 nicinnr.

124 3317 125 3368 3
210 3292 384 3357 R1cnnnus
405 3291 505 3355 nescit
524 3291 664 3354 madidas
684 3312 851 3376 emungere
864 3297 972 3366 ‘narce

254 3411 334 3475 Tam
353 3411 447 3498 longo
466 3419 517 3475 est
538 3432 624 3490 naso,
645 3419 712 3474 tam
732 3409 834 3474 brevis
854 3431 874 3472 a
895 3408 1018 3473 cubito:

124 3581 125 3596 ,
210 3530 277 3595 Nec
298 3529 327 3594 si
347 3537 512 3606 eternum,
535 3529 655 3594 ‘fausto
677 3529 737 3593 siet
758 3528 892 3593 omine!'
914 3529 1049 3602 olamat3

124 3721 125 3736 χ
252 3649 333 3714 Tam
352 3649 444 3736 longe
464 3655 585 3713 amotos
606 3670 669 3713 non
690 3649 775 3734 capit
795 3671 869 3712 aure
890 3669 993 3712 sonos.
