2760 4546
495 388 688 429 ARUNDINES
712 388 807 428 GAMI.

359 618 388 683 0
410 626 538 696 vertere,
562 616 610 680 eui
633 618 726 681 verba
747 624 856 701 patent

359 736 473 802 Christi
486 735 636 822 !-Gujus
657 736 700 799 sis
721 743 754 799 et
776 735 857 800 eris:

362 855 488 934 Vivent,
509 877 578 942 quae
599 854 705 919 subter
726 876 796 919 ossa
817 855 923 930 latent,

362 975 401 1038 ln
421 975 540 1061 superis
560 983 615 1040 aut
636 975 669 1037 iu
689 974 805 1039 inferis.

1001 1093 1045 1157 H.
1071 1093 1111 1156 D.

533 1253 730 1264 ..-..--.-

379 1453 555 1519 EXI'I'US
586 1452 705 1518 AcuA
737 1451 930 1518 PROBAT.

239 1593 330 1656 Tuus
352 1591 441 1670 mori,
463 1591 563 1678 qualis
582 1591 733 1676 placidam
755 1590 919 1654 descensus
941 1589 973 1653 iu
994 1610 1088 1665 oram,
1200 1617 1201 1622 ¹

280 1711 435 1779 Praeveuit
457 1718 627 1775 extremum
648 1725 735 1774 mens
755 1710 808 1773 ubi
829 1710 918 1772 firme
939 1709 1046 1774 vicem.

240 1831 368 1918 Ingenio
389 1830 513 1895 meliore
534 1852 590 1895 suo
614 1829 772 1914 Sapientia
793 1829 894 1906 morti,

282 1950 421 2016 Stultitia
442 1950 565 2036 ingenio
587 1949 738 2014 deteriore
759 1958 859 2015 vacat,

240 2070 339 2151 Quam
361 2070 445 2156 pravi
466 2071 604 2147 timuere,
627 2070 669 2154 pii
691 2078 835 2155 optavere
854 2071 1064 2156 propinquam,

284 2188 399 2254 Tristis
420 2210 511 2272 quam
533 2196 683 2274 quaeruut,
706 2189 797 2253 fortia
818 2190 911 2254 eorda
932 2190 1078 2263 domsnt;

241 2305 375 2376 Vincula
395 2314 577 2382 amatorum,
600 2314 758 2391 captorum
780 2307 899 2372 vincula
920 2307 1020 2386 solvit,

285 2426 328 2490 Et
349 2434 485 2513 praestat
508 2425 646 2512 quumvis
667 2425 744 2490 dura
764 2425 921 2513 magistra,
943 2427 1059 2514 fugam.

879 2544 923 2610 H.
946 2545 980 2610 J.
1004 2545 1041 2611 T.
1064 2542 1117 2611 D¹.

549 2698 743 2706 ——-——--

531 2904 790 2972 INTROITUS.
906 2947 909 2952 -

370 3039 398 3102 Ο
422 3063 463 3102 τυ
489 3039 733 3116 clementissime,

370 3158 398 3222 0
421 3167 455 3223 tu
477 3158 704 3246 benignissime,

415 3278 475 3359 Qui
496 3301 597 3343 rerum
618 3287 729 3365 potens
750 3280 896 3360 omnium,

371 3397 434 3461 Per
453 3397 586 3484 gratiam
608 3398 810 3476 Redimeutis‚

371 3514 435 3579 Per
455 3523 487 3580 et
509 3515 743 3602 Intereedentis,

415 3636 511 3715 Audi,
533 3637 614 3716 sudi,
636 3637 831 3704 vocantium?

1013 3759 1058 3826 Η.
1080 3761 1123 3827 Ι).
1199 3812 1202 3822 .

443 3898 448 3926 ¹
467 3897 539 3946 Paens
555 3900 581 3945 iu
596 3902 696 3949 articulo
710 3903 792 3950 mortis
812 3918 861 3950 suoe
876 3903 1002 3952 redditmn.
1199 3869 1203 3969 1

479 4120 531 4126 .
542 4121 643 4130 -,.„-.
676 4123 693 4131 ,,
736 4080 1204 4132 ΜΜ--ἱ
