2760 4546
93 289 601 300 -—-—-.—-—--—-——--—-———

483 370 676 416 aauunruns
700 369 795 408 cam.
1080 341 1142 409 197

93 507 367 514 ..------..-.μ-...
688 499 879 509 ...-...-„...-

176 621 245 697 Illa,
266 641 336 706 quae
357 627 413 682 tua
432 625 506 682 sunt
526 616 578 680 vix
599 617 659 681 huc
680 633 798 680 memor
818 636 915 701 usque
936 613 1095 690 maiorum,

89 818 91 826 Ι
218 742 283 804 Pro
303 739 404 826 patria
423 745 548 803 sanctes
568 736 681 814 fundis,
703 743 739 810 ut
759 743 842 815 ante,
864 757 990 822 preces:

174 851 252 924 Una
272 859 329 925 tibi
350 881 432 924 curae
452 857 520 921 vivo
541 855 609 934 fuit,
631 877 694 920 una
712 857 772 920 sub
792 853 859 944 ips‘o

219 981 361 1046 Funere:
383 999 527 1064 suprema
549 975 689 1040 ‘Patria'
710 997 784 1041 voce
804 977 913 1063 gemis.

922 1094 978 1160 W.
1001 1095 1036 1160 J.
1060 1096 1097 1159 L.

524 1279 721 1287 ..m——

379 1528 564 1594 PIRATAE
597 1525 893 1594 VALEDIOTIO.

259 1682 376 1746 Vnus!
400 1705 574 1769 supremam
595 1691 702 1748 nostra
721 1703 781 1745 vox
801 1676 993 1744 dulcedinem

301 1801 418 1868 Tecum
438 1803 665 1889 reliquit-ah!
690 1803 766 1878 vale,

256 1920 380 1987 Dilecta
400 1923 507 2010 virgo!
533 1924 624 1988 Nunc
645 1927 802 2006 strepente
823 1917 946 1982 nautico
965 1958 967 1966 ι

299 2039 438 2106 Olamcre
459 2043 575 2127 primus
594 2041 712 2106 audiar.

255 2155 316 2237 Qui
336 2159 526 2242 proferebam
546 2159 659 2225 blanda
679 2159 730 2223 vix
750 2155 881 2242 suspiria

299 2275 397 2340 Vultu
417 2298 584 2363 pavescens
604 2278 663 2342 sub
683 2285 748 2355 tuo,

257 2395 378 2459 Malum
398 2395 493 2461 recidi
514 2395 653 2461 turbidos
674 2393 755 2459 inter
775 2401 875 2471 notos,

298 2514 509 2601 Quascumque
529 2515 654 2603 purgari
675 2522 784 2592 ratem,

254 2632 363 2699 cums
379 2611 505 2719 jubebo.
548 2635 609 2716 cui
629 2634 729 2699 levare
751 2631 874 2698 conscia

297 2751 369 2816 Non
389 2774 483 2818 ausus
504 2754 537 2816 in
557 2762 590 2818 tc
610 2753 736 2830 lumina,

253 2870 315 2952 Qui
335 2879 400 2936 tam
421 2873 607 2938 tremiscens.
623 2870 738 2956 contigi
759 2891 884 2934 manum
904 2876 1000 2945 tuam,

296 2990 374 3055 Belli
395 2990 549 3057 excitatus
570 2991 697 3078 impetu,

253 3109 420 3175 Tormenta
440 3110 473 3174 in
494 3111 599 3176 hostes
620 3110 750 3197 dirigam
770 3109 923 3196 sequacia,

296 3229 500 3317 Gladiumque
521 3230 628 3294 tollam
649 3229 811 3317 fulgidum.

252 3351 449 3436 Quaecunque
469 3349 583 3415 amoris
604 3351 695 3428 dona,
716 3350 832 3436 gloriae,
854 3349 919 3436 spei

295 3469 414 3534 Fuistis
435 3469 569 3534 infausto
590 3469 676 3548 mihi,

252 3587 374 3666 Valere,
396 3587 685 3675 longum-semper
704 3596 739 3652 at
758 3587 804 3654 tui
826 3610 942 3656 memor

294 3707 437 3773 Manebit
457 3707 508 3773 hic
528 3706 726 3771 miserrimus,
