2796 4532
711 235 743 242 --
751 235 1196 252 ρ--Η-ψ,

1197 246 1211 281 Ἰ

492 331 685 372 annuorum
710 332 804 372 oum.
1111 315 1151 374 35
1209 326 1211 367 :

386 446 479 454 ....-,-
491 447 613 456 .-.w--
624 449 804 458 ---„....-..*
821 453 884 459 ---
900 455 929 460 -..
939 455 1020 462 .......
1031 434 1211 521 ...ψ-...1

116 524 118 533 Ι
145 561 236 646 Sique
256 570 345 626 tuum
365 571 474 648 pectus
495 563 655 648 contingat
675 583 783 646 spesve
805 571 951 640 metusve,
1208 524 1211 609 l

186 681 262 761 Quae
283 681 341 745 tibi
362 703 425 745 non
446 681 565 746 dederit
585 679 716 745 blaudus
736 688 769 745 et
790 703 880 766 asper
900 705 995 760 amor,

145 797 228 862 Hinc
246 800 362 885 procul,
382 823 449 866 erro
470 800 565 864 levis!
588 800 726 863 nondum
744 810 987 868 urere-cuncta
1005 809 1154 889 tyrannus
1207 798 1210 832 ¹

96 1000 100 1013 Ι
185 917 267 982 Nam
287 919 368 1006 regit
388 919 525 1005 imperio,
548 941 619 984 cum
640 918 729 1004 regit,
752 918 812 983 iste
832 919 908 984 fero.
1207 882 1209 923 Ι

95 1018 101 1191 l
144 1104 240 1189 Atqui
261 1104 289 1169 si
309 1105 412 1183 fixeris,
435 1127 519 1188 puer,
541 1105 602 1168 ah!
625 1113 692 1169 tam
712 1105 860 1190 proditus,
882 1106 985 1181 adsim

95 1200 99 1251 Ι
185 1222 241 1301 Ut,
264 1224 338 1309 quid
358 1232 487 1310 uterque
507 1231 623 1311 gemat,
645 1224 762 1290 discere
783 1234 911 1312 uterque
932 1233 1034 1312 queat.
1206 1312 1208 1332 1

144 1341 287 1428 Quisquis
304 1343 388 1408 enim
405 1365 618 1430 quamcunque
636 1343 681 1407 ita
698 1345 816 1428 perdite
835 1346 994 1422 amaveris
1018 1345 1116 1409 eheu!
1206 1404 1208 1429 Ι

93 1442 99 1621 i
186 1462 326 1529 Invenies
346 1465 471 1542 nullam,
494 1487 563 1550 quae
584 1464 640 1528 tibi
662 1465 768 1550 prosit,
795 1487 895 1550 opem.

988 1570 1027 1633 F.
1051 1569 1108 1634 W.
1205 1606 1208 1626 .

92 1756 113 1890 ²1
236 1797 362 1878 quon
394 1797 591 1863 suonam
622 1799 824 1864 loannes
855 1797 1056 1864 uonuun

184 1931 347 1996 Anouuus
369 1933 402 1996 in
423 1955 545 1998 camera
566 1955 659 2019 quam
680 1934 832 2019 conspicis
852 1933 902 1997 ille
923 1934 1049 1998 tenebat

91 2034 112 2119 i
183 2051 376 2136 Jampridem
399 2051 575 2116 Homerum
596 2051 704 2136 puerili
725 2059 826 2116 aetate¹
839 2052 1018 2126 sedentem;

91 2160 112 2233 i'
183 2170 288 2255 Atque
309 2171 352 2234 ibi
373 2171 531 2256 signarent
551 2193 623 2235 cum
646 2170 819 2234 Saturnalia
840 2171 989 2247 brumam,

91 2280 96 2369 ζ
184 2281 395 2374 Omarentque
416 2311 523 2354 omues
544 2288 669 2353 bellaria
689 2289 819 2374 mystica
840 2309 973 2366 mensas,

90 2412 96 2511 ζ
183 2406 301 2472 Parvus
323 2409 456 2472 Ioannes
477 2416 632 2472 sacratum
652 2416 685 2472 et
706 2408 794 2472 dulce
815 2406 949 2472 comedit

182 2526 359 2603 Artooreas
381 2526 570 2611 simplexque
591 2527 696 2612 legens
716 2527 775 2591 sibi
796 2525 905 2612 pollice
925 2547 1056 2611 prunum

182 2646 299 2710 Aiebat
320 2647 490 2731 placide—‘
503 2647 674 2710 Pueromm
694 2667 734 2710 en
755 2645 890 2731 optimus
910 2645 976 2730 ipse
989 2645 1009 2708 !'

998 2764 1037 2829 u.
1062 2765 1106 2828 Η.
1202 2749 1204 2783 ·

548 2853 745 2863 ...ὴ-*-

447 2999 616 3064 VERSIO
645 2998 843 3062 ALTERA.

310 3133 456 3198 Honora
480 3134 624 3199 Ixocuuo
645 3135 726 3199 sedit
747 3135 780 3197 in
800 3132 913 3220 angulo

311 3252 445 3333 Vorans,
467 3276 524 3318 ceu
545 3254 641 3319 serias
661 3260 767 3340 ageret
787 3252 889 3329 ferias,

353 3371 498 3436 Onrstum
520 3373 609 3437 dulce
630 3381 662 3437 et
683 3371 832 3436 amabile:

312 3489 415 3576 lnquit
436 3499 469 3555 et
489 3514 585 3556 unum
606 3491 770 3556 extrahens
790 3512 965 3577 prunum-

290 3610 445 3689 ‘Homen
468 3632 561 3697 quam
581 3611 675 3674 fueris
696 3611 797 3675 nobile
817 3611 920 3696 pueris

332 3729 520 3814 ‘Exemplar
540 3728 687 3794 imitabile
701 3730 719 3791 Γ

114 4054 908 4082 “mm—a..-
