2796 4532
525 367 719 406 ARUNDINES
743 366 837 406 GAMI.

91 598 96 617 ¹
220 605 239 633 ‘⁶
253 595 399 659 Crederet
420 593 533 671 infidis,
556 594 696 678 quamvis
716 593 860 679 suspiret,
881 592 989 658 smieae

262 722 400 808 Ecquis!
427 722 522 786 habet
543 721 683 807 propiios
703 721 819 786 femina
840 741 970 806 quaeque
992 719 1090 785 dolos.

114 894 115 898 ,
218 848 372 914 caeruleos
393 869 491 912 novus
511 847 593 934 ignis
613 847 673 912 erit
694 847 747 933 qui
768 847 865 912 siccet
886 845 1019 920 ocellosr

262 976 430 1055 Ridebunt,
452 975 597 1062 lacrymis
618 997 687 1060 quae
709 975 865 1052 maduere,
886 994 987 1061 genre.

222 1103 280 1167 Me
301 1103 595 1189 nequc'praeteritos
616 1103 702 1167 husus
722 1101 899 1168 meminisse
919 1101 1047 1189 pigebit,

265 1231 332 1295 Nec
353 1240 459 1296 metuo
480 1231 513 1295 in
534 1230 627 1295 dubie
648 1252 717 1317 quoe
739 1229 905 1295 metuenda
925 1229 992 1294 via:

223 1359 271 1423 At
292 1359 365 1445 quia
385 1358 430 1422 nil
450 1380 566 1434 carum,
589 1357 632 1421 nil
653 1365 724 1443 post
745 1379 795 1422 me
816 1357 905 1422 dulce
927 1356 1075 1444 relinquo,

266 1485 320 1549 Nil
341 1486 470 1574 dignum
491 1485 643 1572 lacrymis,
665 1485 734 1562 hoc,
757 1484 833 1548 mihi
855 1484 956 1562 crede,
979 1483 1073 1550 dolet.

97 1776 101 1805 l
228 1733 336 1797 “Jam
356 1740 424 1798 toto
445 1754 542 1820 vcgus
563 1734 637 1797 orbe
657 1733 748 1810 feror,
770 1733 951 1820 peregrinus
972 1741 1006 1797 et
1028 1734 1125 1810 exsul,

267 1859 313 1924 Et
332 1859 549 1925 circumituum
570 1868 658 1925 trans
678 1881 763 1925 mare
784 1860 869 1926 solus
889 1882 985 1936 θοςί

95 1952 102 2085 ἰ
225 1987 283 2064 At,
304 1987 378 2052 licet
399 1995 544 2052 externas
564 1987 679 2073 hospes
691 1988 760 2058 ,sim
781 1987 894 2054 missus
914 1989 948 2053 iu
969 2011 1049 2068 oras,

270 2113 349 2178 Oum
368 2115 474 2179 dolcat
493 2135 597 2212 nemo,
617 2137 672 2179 cur
692 2114 786 2180 miser
805 2116 872 2202 ipse
892 2121 1036 2204 gemam!

97 2244 102 2297 ζ’
228 2241 268 2306 In
288 2244 379 2307 breve
400 2243 466 2306 fors
486 2242 583 2308 ululet
603 2251 727 2328 tempus
747 2243 844 2322 canis,
865 2243 964 2308 altera
985 2245 1083 2310 donec

269 2371 390 2436 Dextra
410 2372 515 2436 cibum
536 2371 666 2448 dederit,
688 2371 798 2436 loven't
818 2371 898 2436 alter
917 2393 1024 2448 amon

97 2492 103 2565 l
231 2499 315 2565 Ante
335 2509 441 2566 tamen
461 2502 558 2566 multo
580 2522 673 2587 quem
694 2509 779 2566 tecta
799 2509 930 2586 paterna
948 2503 1090 2582 revisam,

273 2629 328 2695 Me
350 2629 518 2708 dominum,
540 2631 675 2716 priscum
696 2651 746 2694 me
766 2629 916 2696 laceraret
936 2631 1054 2698 herum.

102 2850 105 2908 ἶ
233 2861 309 2926 “Te
330 2861 418 2938 duce,
441 2861 571 2948 remigio
591 2868 708 2938 vectus,
731 2883 801 2926 mea
821 2864 941 2948 cymba,
964 2864 1069 2943 citato,

274 2990 440 3078 Trejicism
460 2990 534 3056 salsi
555 3011 683 3077 spumea
703 3009 799 3076 regns
820 2991 932 3056 maris:

100 3128 104 3186 t
234 3117 278 3182 Te
299 3120 387 3196 duce,
409 3128 560 3184 terrarum
581 3118 679 3184 visam
699 3139 780 3182 nova
799 3117 915 3197 littora,
937 3130 1098 3207 promptus

274 3245 450 3328 Quodlibet,
472 3247 505 3311 id
525 3247 660 3332 patrium
680 3246 713 3309 ni
734 3246 787 3323 sit,
808 3245 893 3311 adire
914 3248 1041 3322 sulum.¹

234 3372 379 3438 Oaemlcce
400 3373 516 3438 salvete
537 3373 639 3450 undae,
658 3375 855 3460 tenebroeque
876 3377 1073 3460 profundi,—

276 3502 415 3589 Oumque
435 3503 542 3568 oculos
562 3500 646 3566 visus
666 3502 789 3567 deserat
801 3503 870 3580 ,istc
891 3525 988 3582 meos,

102 3640 105 3653 “
235 3630 302 3694 Vos
323 3651 449 3694 nemora
470 3637 503 3694 ct
524 3615 598 3694 solce
618 3629 870 3714 pariterxsslvete
892 3653 1049 3706 cevernae3

276 3759 348 3824 Nox
370 3757 448 3825 coelo
469 3764 631 3849 properat:
661 3764 745 3822 terra
766 3767 903 3844 patema,
926 3759 992 3825 vele
1005 3761 1034 3823 !''

1055 3887 1158 3951 J.H.
1227 3908 1229 3968 j

1226 4006 1229 4072 l
