2796 4532
103 243 114 248 ·-
133 245 566 254 -———-——-——.-—-.——.-..--.--.-
575 247 621 251 —-
652 247 659 250 -
669 246 761 252 ---.--..
773 247 791 252 ...
802 247 856 252 -—
883 247 931 253 —.
946 247 1203 258 -..--—-...-

503 346 695 388 ARUNDINES
719 348 814 388 carri.
1123 329 1161 388 41

415 615 429 626 “
460 641 650 706 romeos
680 640 856 707 sorum.

281 779 476 841 Parscoamr
500 778 694 842 immemores
714 799 783 842 esse
803 777 963 856 sodalium,

283 894 392 981 Lepcis
413 917 453 958 ex
473 895 575 960 animo
597 918 675 981 quos
694 895 914 974 adamavimus

282 1013 459 1080 Priscomm
480 1013 673 1078 immemores
693 1034 762 1078 esse
783 1014 934 1079 sodalium
955 1023 987 1078 et

367 1131 443 1197 Acti
463 1132 713 1217 temporis—hoc
735 1132 844 1198 decet?

281 1316 366 1395 Acti,
389 1338 459 1381 care
480 1323 602 1395 comes,'
615 1317 763 1402 temporis
784 1318 825 1382 ob
846 1317 921 1396 dies,

281 1435 367 1513 Acti,
388 1435 449 1500 fide
471 1456 584 1513 comes,
606 1435 753 1522 temporis
773 1436 814 1500 ob
834 1434 910 1514 dies,

282 1554 461 1638 Spumantis
482 1562 621 1639 pateram
642 1554 782 1620 combibe
804 1553 928 1620 Oaecubi

365 1673 442 1737 Acti
462 1672 610 1758 temporis
630 1675 671 1738 ob
692 1673 768 1739 dies,

283 1850 391 1925 Flores
411 1861 443 1926 in
464 1862 593 1926 calathis
614 1884 672 1927 nos
692 1833 923 1926 amaranthinos

281 1978 356 2042 Una
376 2001 431 2064 per
447 1980 525 2066 juga
546 1989 621 2066 quot
642 1980 731 2044 devia
751 1981 903 2068 legimus!

281 2098 344 2162 Sed
362 2097 461 2162 lassos
481 2121 608 2186 peregre
629 2099 780 2166 traximus
800 2100 880 2165 heu!
911 2103 1006 2186 pedes

365 2217 441 2281 Acti
462 2218 609 2303 temporis
629 2239 650 2282 a
670 2216 749 2282 die.¹

280 2400 362 2482 Quin
382 2402 478 2466 solem
499 2403 540 2466 ad
560 2403 695 2467 medium
716 2405 854 2490 margine
875 2383 1006 2469 fontium

280 2519 428 2584 Certatim
449 2520 546 2585 vitreo
566 2521 691 2586 flumine
711 2522 857 2588 lusimus:

280 2639 379 2725 Atqui
400 2639 481 2705 inter
500 2640 625 2705 fremuit
645 2663 702 2707 nos
723 2663 808 2706 mare
828 2642 979 2707 fluctuum

366 2758 442 2823 Acti
463 2759 611 2844 temporis
631 2781 651 2823 a
672 2759 731 2824 die.

279 2944 476 3030 Amplexum‚
500 2966 643 3009 comeso
664 2945 735 3022 fide,
757 2946 943 3010 morabimur

281 3063 541 3128 Dulcem—labra
561 3064 654 3129 labris
675 3071 707 3128 et
728 3065 869 3129 manibus
890 3069 1035 3130 manum?

281 3166 479 3268 Deliromptae
501 3182 569 3269 quis
590 3183 649 3247 erit
666 3186 733 3271 jam
754 3184 864 3249 modus
884 3185 1039 3271 amphorae

366 3300 443 3366 Acti
463 3303 609 3387 temporis
631 3303 670 3366 ob
692 3303 777 3367 dies?
872 3345 876 3354 ·

281 3489 432 3553 Potentes
453 3488 555 3574 cyathi
576 3487 644 3574 lege
665 3488 835 3552 videbimus

282 3607 364 3672 Uter
385 3608 559 3673 Threiciam
580 3608 675 3672 siccet
695 3607 896 3693 amystidem:
990 3652 992 3655 -

282 3725 414 3790 Plenum
434 3725 562 3802 fundite,
586 3725 633 3803 Io,
655 3726 774 3790 fundite
797 3725 962 3792 Oaecubum

366 3843 442 3908 Acti
462 3843 609 3928 temporis
629 3844 670 3908 ob
691 3842 777 3908 dies!
960 3848 963 3852 '
