2774 4538
515 370 712 412 annuemus
734 371 828 412 canl.

611 599 732 664 PAX.

295 734 371 797 Pax
396 733 470 798 mihi
492 743 541 800 eat
561 735 662 800 rident
682 736 734 801 ubi
756 736 827 801 laeia
848 759 952 802 rura:·

295 836 355 901 Est
376 837 452 900 mihi
473 837 555 902 claro
576 839 715 904 radiante
736 839 824 918 eoelo,

294 937 363 1019 Qua
383 960 468 1003 mare
488 939 629 1004 aestivum
650 941 730 1020 silet,
753 950 786 1006 et
806 941 880 1006 levis
901 963 962 1028 qua

464 1043 641 1108 Murmurat
660 1044 770 1109 amnis.

294 1209 354 1274 Est
374 1211 406 1273 in
427 1233 543 1278 annosa
564 1213 630 1279 sine
650 1214 758 1280 froude
778 1213 872 1289 silva;

293 1311 353 1376 Est
373 1315 426 1378 ubi
448 1315 565 1381 incerto
586 1317 673 1382 focus
693 1317 765 1405 igne
786 1316 868 1382 lueet
1003 1341 1005 1346 ·

269 1413 445 1501 'Vesperi;
476 1426 525 1482 est
546 1418 627 1483 iuter
646 1419 799 1505 placidam
820 1419 970 1506 loquelam

464 1519 563 1584 Vocis
583 1529 713 1586 amatae:

292 1688 360 1753 Aut
381 1690 433 1753 ubi
454 1689 512 1755 soli
532 1691 689 1778 taciteque
709 1711 811 1756 rerum

292 1790 377 1856 Ante
397 1801 556 1878 gestarun
576 1793 671 1859 facies
686 1800 848 1868 ¹recursem

291 1893 362 1958 Sive
383 1901 520 1960 venturae
541 1896 698 1983 vigilantis
718 1896 799 1960 iuter

284 1979 287 1988 ¹
461 1998 588 2063 Somnia
608 2006 748 2086 surgimt.

292 2122 438 2230 Omniuin
459 2187 530 2230 vero
551 2165 627 2229 mihi
649 2165 719 2229 Pax
739 2166 847 2230 adesto

291 2262 358 2343 illa,
380 2286 448 2350 quae
469 2264 588 2330 dulcem
610 2265 734 2330 decorat
755 2265 900 2343 laborem,

289 2365 313 2428 J
313 2382 386 2430 ussa
406 2366 547 2452 fimgenti
567 2366 642 2431 vitio
663 2367 796 2431 carentis

460 2469 593 2533 Munera
613 2467 695 2533 vitae.

287 2637 370 2719 Quid
390 2638 477 2724 cupis
497 2640 656 2725 gemmas?
685 2638 759 2723 quid
779 2659 889 2702 avarus
910 2645 942 2702 et
963 2660 1017 2724 spe

289 2739 405 2804 Fessus
425 2740 535 2805 insana
555 2741 647 2805 nimis
668 2740 732 2804 alta
752 2741 883 2826 quaeris?

288 2843 387 2928 Oarpe
408 2850 572 2908 contentus
592 2843 675 2908 facili
697 2845 842 2908 rubentes

456 2945 593 3011 Tramite
613 2945 715 3011 flores.

719 3048 721 3054 ·
946 3031 1002 3095 W.
1025 3031 1060 3097 J.
1084 3034 1121 3098 L.
1210 3067 1212 3089 .

560 3158 757 3170 ——nd—

272 3276 425 3385 mmm
455 3321 664 3388 Paucum
694 3322 821 3404 Quom
851 3323 1050 3390 aemma.

123 3480 125 3538 ι
158 3459 318 3540 Qmsuau
340 3467 389 3524 est
409 3459 462 3546 qui
483 3459 567 3524 venit
588 3459 798 3524 hice-Miles
819 3481 967 3547 procerus
987 3469 1020 3526 et
1040 3463 1152 3528 audax.
1208 3428 1212 3507 i

122 3551 125 3669 J
199 3562 353 3643 Quidnam
374 3571 422 3627 est
444 3563 526 3648 quod
546 3562 763 3648 poscisi-Da
782 3563 930 3649 liquidam
952 3565 1105 3631 Cererem.

121 3688 124 3749 ξ
156 3664 219 3728 Ast
239 3665 292 3728 ubi
313 3674 386 3731 sunt
407 3665 525 3729 nummi
534 3666 666 3730 i-Sum
686 3665 803 3729 nummi
824 3667 938 3731 oblitus
958 3673 990 3730 et
1011 3688 1131 3752 expers.

55 3758 58 3766 ’
122 3810 124 3859 i
198 3766 348 3847 Furcifer,
371 3770 411 3834 ad
432 3789 549 3846 corvos,
572 3768 664 3846 ebrie,
686 3775 770 3853 pote,
791 3772 882 3834 tuos!

127 3002 129 3099 1

125 3182 128 3275 i

116 3394 126 3477 ’1
