2774 4538
514 326 706 393 rutinorum
730 351 825 390 crui.

576 641 760 705 ELEGIA.

196 781 366 845 Durosrrr
389 787 481 844 sonet
503 777 648 864 exequias
669 798 818 862 campens
839 759 921 852 dieis

249 898 373 963 Incedit
393 898 510 962 lentum
530 919 585 982 per
606 918 685 983 vaga
705 918 777 960 rura
797 917 909 981 pecus:

198 1018 314 1103 Carpit
334 1017 402 1094 iter,
424 1016 596 1102 repetitque
617 1015 744 1080 domum
764 1014 903 1078 defessus
922 1021 1035 1090 arator,

98 1107 102 1116 ¹
248 1135 462 1220 Sublustrique
483 1156 586 1200 moror
607 1155 733 1220 vespere
753 1133 837 1198 solus
857 1131 952 1219 agris

201 1305 297 1386 Nunc
318 1309 423 1385 octdos
443 1319 522 1385 fallit
542 1320 660 1406 species
681 1318 810 1385 evanida
830 1339 942 1396 rerum,

249 1441 294 1504 Et
313 1439 429 1525 passim
449 1439 584 1504 aetheriae
605 1439 780 1504 conticuere
800 1439 910 1525 plsgae,
975 1449 978 1460 ¹

204 1559 249 1623 Ni
270 1567 352 1624 rotat
372 1567 500 1645 argutos
520 1580 582 1644 qus
602 1558 768 1622 cantharus
789 1565 859 1622 aere
880 1579 981 1645 gyros

249 1678 453 1763 'l'innitusque
473 1677 562 1764 piger
582 1679 640 1742 sub
659 1679 738 1764 juga
758 1678 840 1763 sopit
862 1698 946 1742 oves.

204 1869 248 1933 Ni
269 1869 349 1933 forte
370 1891 410 1932 ex
429 1867 545 1932 hedera
565 1866 674 1932 vicinae
696 1867 729 1930 in
749 1867 863 1932 vertice
884 1867 978 1932 turris

115 2022 118 2035 ·
249 1988 372 2053 Noctua
392 1987 560 2080 luctisonos
580 1986 716 2072 integrat
736 2009 820 2074 aegre
840 1987 958 2066 modos,

117 2174 119 2184 ,
207 2107 240 2171 Si
262 2107 315 2193 qui
334 2106 475 2191 palantes
495 2105 649 2169 latebrosa
672 2106 783 2170 cubilia
803 2114 928 2192 propter

116 2236 119 2315 J
218 2245 222 2256 ·
250 2225 368 2290 Secreti
389 2225 535 2289 invadant
553 2227 625 2310 jura
646 2232 768 2289 vetusta
789 2226 859 2290 loci.

207 2389 319 2475 Sribter
339 2411 465 2475 nodosis
486 2410 586 2488 ulmis,
608 2419 743 2496 taxoque
764 2412 909 2487 comanti,

249 2530 319 2611 Qua
337 2529 438 2615 putris
458 2495 588 2616 aggestd
609 2530 724 2615 cespite
745 2539 829 2595 term
849 2539 958 2606 tumet,

206 2649 292 2714 Gella
313 2648 442 2735 quisque
463 2671 529 2725 sua,
551 2648 623 2734 pagi
646 2650 731 2714 rudis
750 2650 852 2714 incola
873 2650 906 2713 in
925 2672 1025 2715 aevum

249 2769 382 2846 Dormit,
404 2777 437 2832 et
458 2768 615 2855 indigenae·
632 2769 881 2832 contumulnutur
901 2769 961 2834 evi.

207 2954 304 3018 Mane
325 2954 358 3017 in
379 2951 530 3017 odorifero
552 2953 747 3038 peramabilis
768 2974 843 3016 aura
865 2952 994 3032 Favoni,

249 3073 325 3154 Quae
347 3073 385 3137 de
406 3072 574 3136 straminea
593 3073 690 3159 garrit
711 3072 841 3136 hirundo
863 3095 944 3152 casa,

129 3225 131 3230 ¹
206 3195 362 3280 Argutum
382 3193 455 3279 galli
476 3214 610 3270 carmen,
633 3193 764 3257 lituusve
786 3215 924 3272 sononia,

247 3313 424 3378 Discutient
444 3312 568 3376 humilis
588 3313 707 3376 somnia
727 3313 811 3378 nulla
831 3313 902 3378 tori.

206 3497 273 3562 Illis
293 3498 378 3562 haud
398 3498 511 3562 iterum
532 3496 715 3562 refovebitur
735 3496 807 3583 igne
829 3499 976 3577 caminus,

249 3616 405 3702 Sponsave
427 3615 509 3702 quod
529 3616 659 3701 propriae
679 3623 728 3680 est
748 3616 855 3680 sedula
875 3618 973 3704 partis
992 3626 1082 3704 aget:
1210 3576 1214 3721 1
1234 3578 1236 3581 ¹

206 3735 277 3800 Non
297 3735 388 3800 balbo
409 3735 510 3820 proles
530 3735 702 3820 gratabitur
723 3756 775 3799 ore
795 3738 925 3821 parenti,

247 3855 357 3919 Gumet
379 3855 412 3918 in
433 3853 601 3939 amplexus,
624 3853 816 3939 praeripietve
836 3875 943 3942 genas.

247 4171 288 4232 10
