2774 4538
503 347 698 388 annuamus
731 347 824 386 crui.
1028 375 1034 386 ‚
1107 320 1166 384 101

120 456 474 478 ¹——.-·-----...-
490 469 496 474 .
511 469 539 474 ---
579 467 615 474 .--
628 465 639 471 -ι
652 465 664 472 ο
687 463 876 472 ---——-.--
889 463 908 472 a-
918 463 1214 472 ——--—·--..-...—.-

441 775 665 842 MABELLA
695 773 883 838 REGINA.

289 931 371 996 Em!
395 953 504 995 omnes
524 929 615 995 celeri
636 929 735 1016 gradu
756 935 931 1014 sequentes,

289 1049 367 1127 Vos,
390 1057 541 1136 quotquot
563 1047 724 1133 Dryadum
745 1045 945 1110 minutiorum

288 1167 412 1232 Oircum
432 1167 624 1254 gramineum
645 1163 874 1250 perambulatis,

288 1286 442 1373 Reginam
464 1285 611 1350 comitate
632 1307 686 1350 vos
709 1283 895 1348 Mabellam:

289 1403 471 1490 Gonjunctis
491 1403 644 1481 manibus,
666 1402 760 1466 choro
781 1402 923 1480 rotundo,

290 1523 420 1587 Sacrata
440 1521 586 1585 saliamus
606 1521 665 1584 hac
686 1519 720 1582 in
740 1520 859 1584 umbra.

291 1742 395 1822 Quum
416 1739 545 1803 mortale
565 1760 675 1826 genus,
697 1737 952 1823 sopore'victum‚

292 1860 404 1926 Stertit
424 1859 552 1945 pacifico
573 1867 642 1923 toro
663 1859 854 1934 recumbens,

291 1981 359 2045 Nos
380 1979 475 2045 clavis
496 1977 661 2042 cavitatem
681 1975 758 2039 inire
779 1974 889 2051 doctae,

292 2102 377 2183 Ques
397 2121 460 2163 non
481 2097 586 2162 audiet
606 2103 661 2160 aut
681 2095 797 2160 videbit
817 2095 916 2170 ullus;

122 2264 124 2277 ·
252 2305 255 2312 y
293 2223 508 2312 Permessus,
530 2219 654 2294 abacos,
676 2214 818 2293 scabella,
840 2223 951 2280 turma

122 2300 124 2401 l
248 2327 250 2330 ⁵
293 2337 449 2402 Saltamus
470 2335 632 2420 Dryadum
652 2332 862 2398 minutiorum.

293 2550 396 2615 Boleti
417 2555 511 2634 caput
532 2527 591 2612 cul
615 2547 712 2612 torale
732 2555 874 2611 nostrum

294 2670 380 2756 Apte
402 2666 569 2740 sustinuit;
590 2664 748 2751 levemque
769 2687 881 2750 panem

294 2790 361 2853 Dat
381 2808 512 2875 granum
533 2784 665 2863 Cereris,
686 2784 844 2871 levemque
864 2792 973 2870 potum

295 2908 389 2974 Roris
409 2914 510 2994 gutta,
531 2905 650 2969 micans
670 2913 707 2968 ut
727 2904 798 2968 alba
817 2925 950 2992 gemma,

296 3029 334 3092 In
355 3025 477 3114 glandis
498 3023 611 3110 cyatho
632 3022 710 3087 satis
730 3021 846 3108 capaci.

295 3247 455 3328 Quantum
475 3242 508 3307 in
529 3241 659 3306 luscinia
679 3241 757 3306 latet
777 3243 903 3321 cerebri,

297 3364 341 3429 Et
362 3361 552 3428 testudinum
573 3360 668 3445 adeps
689 3359 906 3439 inunctiorum‚

298 3482 375 3546 Oum
397 3478 479 3544 binis
499 3476 632 3543 cochleis
651 3476 777 3563 perinde
797 3486 914 3558 coctus,

298 3601 370 3665 Non
391 3606 440 3663 est
461 3596 591 3661 difficilis
613 3596 700 3660 cibus
720 3595 844 3661 molari:

298 3716 412 3781 Gaudae
432 3712 586 3780 vermibus
606 3722 639 3777 et
659 3713 793 3778 medulla
813 3716 892 3780 muri
951 3719 953 3724 '

298 3836 494 3922 componunt
515 3831 621 3918 epulas
634 3823 862 3922 perelegantes.

129 4089 311 4096 ——--—..—-.-.-..
317 4091 492 4100 --—..-.-.
