2774 4538
448 753 513 817 AD
545 751 870 817 LAURENTIUM.

284 907 313 970 Ο
337 930 437 970 casua
461 907 539 972 casti
559 905 721 993 progenies
740 906 847 992 patrie,

284 1024 360 1089 Dun
379 1025 488 1090 bruma
509 1047 634 1110 campos
655 1034 786 1110 occupat
808 1034 840 1090 et
860 1025 935 1104 vias,

327 1145 396 1226 Quo
416 1167 496 1223 rure,
520 1145 677 1222 Laurenti,
699 1145 836 1224 reducto,

363 1264 490 1346 'Quosve
511 1263 596 1329 locos
616 1263 699 1349 apud
719 1263 887 1349 hospitales

286 1382 394 1471 Longo
415 1385 589 1449 auferemus
608 1384 706 1450 toedia
727 1385 766 1449 de
787 1385 857 1450 diet

285 1503 376 1585 Quod
395 1504 473 1569 hora
492 1503 582 1569 nobis
602 1526 722 1590 cunque
742 1503 829 1570 <labit
849 1503 927 1570 lucri

329 1623 456 1688 Morosa
477 1632 647 1710 carpentes,
669 1631 705 1687 nt
725 1627 825 1688 annus

369 1745 540 1810 Praetereat
560 1743 672 1808 leviore
694 1764 815 1828 penna;

286 1861 461 1928 constricta
480 1862 578 1928 donec
598 1868 688 1947 prata
707 1861 868 1926 refecerint

286 1981 356 2046 Alae
379 1981 508 2060 Favoni,
530 1981 652 2068 liliaque
673 1988 705 2044 et
727 2003 824 2060 rosas,

329 2099 459 2163 Laboris
481 2105 632 2184 expertes,
654 2098 769 2164 amictu

373 2216 480 2282 Verna
500 2240 578 2282 novo
600 2218 752 2283 decorarit
771 2241 856 2284 aura.

288 2337 364 2419 Quae
386 2337 501 2401 munda
521 2336 610 2401 nobis
633 2359 719 2402 caena
740 2339 916 2423 parabiturl

287 2454 363 2536 Quae
384 2455 467 2520 lecta
486 2476 602 2520 mensae
623 2454 739 2520 fercula
747 2457 868 2542 baga,
890 2457 1002 2524 Attico

330 2573 380 2637 De
400 2594 485 2637 more
506 2581 743 2660 promenturque
763 2574 843 2652 vina,
865 2584 897 2640 et

371 2693 450 2757 Post
471 2693 581 2758 calices
601 2695 679 2758 bene
701 2702 787 2759 tacta
808 2703 931 2760 noctem

289 2812 445 2877 Producat
465 2835 527 2877 una
548 2813 685 2879 barbitos
704 2836 839 2892 auream,

288 2932 333 2997 Et
353 2955 413 2997 vox
434 2931 584 2997 Etruscos
607 2932 743 2997 callidior
762 2935 870 3000 modos

331 3049 463 3135 Spirare,
485 3059 518 3114 et
538 3049 696 3114 effimdens
716 3051 834 3117 choreae

374 3167 507 3234 Sidercee
528 3169 669 3255 propiora
691 3169 823 3235 chordis.

290 3288 351 3370 Qui
371 3295 460 3353 tanta
480 3287 565 3352 novit
585 3288 698 3374 gandia
718 3311 851 3376 carpere,

290 3409 490 3494 Prudensque
510 3430 604 3494 parca
625 3417 728 3474 mente
747 3410 807 3473 frui
828 3411 918 3498 sapit,
1219 3446 1222 3556 ι

332 3525 399 3590 Scit
419 3525 479 3603 ille,
501 3525 534 3588 ni
555 3525 653 3603 fallor,
676 3525 814 3591 Deorum
1219 3576 1223 3668 s

954 3768 999 3834 H.
1022 3739 1056 3834 a.
1080 3771 1123 3836 K.
1219 3672 1224 3823 l

133 3832 1225 4136 *fu

376 3643 560 3708 Muneribus
580 3645 733 3731 sapienter
753 3646 810 3711 uti.
