2774 4538
143 244 511 252 —m——-

527 330 719 370 Anuunluns
744 330 839 370 cum.

504 621 679 685 VIRENT
715 621 738 684 J
742 619 864 686 UNOI.

306 774 424 836 Pinus
446 772 486 837 de
506 781 619 838 ounots
638 771 750 860 premit
770 781 840 837 atre
861 773 953 850 Oura,

306 894 458 976 Omnibus
479 917 548 981 qnae
569 901 756 979 praetereunt
777 893 809 956 in
830 892 935 968 horis;

307 1014 385 1079 vita
405 1014 479 1101 quid
499 1015 592 1079 fallax
613 1015 773 1080 hominum
793 1013 918 1091 valeret,

307 1132 382 1196 Vox
401 1133 571 1219 puellarum
592 1132 651 1197 nisi
672 1131 867 1197 subveniret?

349 1302 462 1367 virent
479 1303 565 1387 junci
586 1277 731 1380 ousiis,

390 1423 486 1488 Junci
507 1445 601 1508 prope
621 1423 780 1510 lymphas:

347 1541 402 1606 Ah
424 1563 517 1628 quam
537 1542 627 1620 ridet,
651 1564 721 1628 quae
742 1563 793 1606 me
813 1539 897 1605 videt

390 1662 480 1727 Horo
501 1663 582 1728 iuter
603 1663 773 1748 nymphas!

304 1863 364 1946 Qui
386 1863 489 1940 velint,
512 1885 621 1928 surum
642 1864 768 1950 cupiant
789 1871 976 1950 petensqum

302 1983 398 2048 Adsit
418 1991 473 2046 aut
493 2005 601 2048 aurum
622 1984 722 2071 fugiet
742 1991 893 2070 petentes.

302 2105 384 2187 Quid
404 2127 510 2189 proces
530 2127 626 2169 venas
646 2105 719 2170 lieet
739 2112 951 2192 assequantur,

302 2224 402 2289 Corde
422 2226 449 2288 si
471 2247 628 2311 uunquam
649 2225 770 2311 plnoido
792 2225 952 2290 fruantur?

345 2395 457 2460 Virent
475 2396 562 2480 junci
583 2395 728 2472 fluviales,

387 2514 483 2579 Junci
504 2536 598 2600 prope
619 2513 778 2602 lymphas:

344 2633 399 2697 Ah
420 2654 513 2719 quem
534 2632 629 2712 ridet,'
646 2655 714 2720 quoe
736 2655 786 2698 me
807 2633 890 2697 videt

388 2751 477 2816 Hora
498 2752 579 2816 inter
599 2753 769 2838 nymphas!

302 2957 441 3043 Vespere
462 2957 495 3020 in
516 2957 599 3022 molli
617 2958 706 3042 juvet
726 2959 914 3023 assidentem

303 3077 359 3141 Me
379 3098 457 3141 meae
479 3077 653 3163 amplexum
674 3077 748 3142 dare
769 3077 847 3142 colis
868 3079 1001 3143 circum:

300 3202 347 3261 At
368 3196 424 3260 viri
445 3220 516 3261 oum
537 3196 651 3261 divitiis
671 3219 806 3282 repones,

301 3317 345 3400 Et
366 3317 455 3380 simul
477 3339 558 3381 ourae
580 3324 707 3400 pereant
727 3317 858 3381 edsoes!

344 3485 457 3550 Virent
475 3485 562 3570 junci
583 3485 729 3562 fluviales,

385 3604 481 3669 Junci
500 3627 595 3690 prope
616 3604 775 3690 lymphas:

343 3724 397 3788 Ah
418 3746 512 3810 quum
532 3723 622 3802 ridet,
645 3746 713 3810 quae
734 3745 785 3789 me
806 3725 889 3789 videt

387 3842 476 3910 Hora
497 3843 578 3908 inter
598 3844 769 3929 nymphus!
