2796 4532
154 253 361 263 um*-
366 257 648 266 --...———...-....-.
662 259 674 264 -
683 259 698 264 -
940 259 1257 272 m

546 343 741 385 aauunruas
764 343 859 383 usur.
1169 320 1209 382 53

292 469 305 474 —-
332 471 381 478 ...η-

151 494 153 556 l

150 594 153 739 q
503 615 648 680 vnnA
678 613 903 680 unsnnus.

280 751 358 814 An!
390 750 511 837 quoties
533 750 584 817 illo
605 773 732 816 veneres
753 750 882 814 miratus
903 748 935 812 in
956 771 1032 837 agro

322 871 516 957 Tranquillas
537 872 597 936 vidi
621 871 704 936 culta
724 892 780 956 per
800 892 874 935 arva
893 891 992 949 casas,

281 990 324 1055 Et
345 990 413 1055 loca
434 1013 496 1077 qua
516 991 646 1078 pistrina
666 990 850 1076 sequacibus
870 990 1021 1076 adstrepit
1042 991 1141 1068 undis,

147 1184 150 1193 ‚
323 1109 1009 1196 Munduquevicinisadditatemplujugis
1252 1088 1255 1213 J

280 1227 324 1292 Et
345 1229 472 1293 frutices
492 1229 591 1306 latos,
613 1237 764 1315 aptasque
785 1227 964 1294 sedentibus
986 1230 1119 1304 umbras,
1252 1228 1254 1245 '

145 1332 147 1343 ¹
322 1347 383 1411 Seu
405 1347 525 1412 senium
546 1355 674 1426 musset,
696 1349 761 1413 sive
782 1355 920 1412 susurret
940 1368 1037 1412 amor.

144 1510 146 1545 ἰ
279 1466 354 1529 Ah!
385 1467 506 1552 quoties
526 1476 617 1554 grato
638 1468 805 1533 venerabar
825 1474 951 1552 pectore
972 1466 1083 1546 lucem,

320 1585 400 1650 (lum
420 1586 515 1652 misso
537 1586 713 1673 exciperent
734 1607 831 1671 pensa
851 1585 955 1650 labore
972 1586 1048 1671 joci,

279 1703 322 1769 Et
343 1727 535 1792 paganorum
556 1713 734 1792 properaret
754 1705 788 1769 in
808 1704 932 1792 agmine
953 1707 1054 1784 turba,

321 1822 434 1888 Libera
453 1827 512 1890 sub
532 1824 639 1911 patula
659 1825 771 1888 ducere
792 1823 900 1887 fronde
920 1822 1051 1888 choros!

139 2020 141 2029 Ι
278 1942 359 2006 Tum
379 1943 439 2008 fuit
459 1945 604 2009 umbrosa
625 1951 774 2030 quantum
796 1949 952 2007 certamen
972 1947 1086 2008 arena!

321 2061 487 2127 Oolludunt
503 2063 642 2148 juvenes,
664 2060 876 2148 aspiciuntque
897 2084 1007 2136 senes;

278 2179 520 2268 innumerusque
541 2181 624 2248 cient
645 2189 757 2247 vexate
778 2181 810 2244 in
830 2181 970 2268 gramine
990 2181 1088 2259 ludos,

322 2299 535 2365 Membrorum
555 2308 667 2387 vegeta
688 2299 727 2377 vi,
751 2299 902 2385 celerique
923 2321 1027 2364 manu.

320 2537 460 2603 Inveniet
482 2537 571 2602 ludos
598 2538 672 2603 laeta
693 2547 817 2602 caterva
838 2558 945 2601 novos.

277 2656 426 2722 Certatim
447 2659 611 2722 innocuam
633 2657 684 2744 qui
705 2657 876 2743 produxere
899 2656 1053 2735 choream,

320 2775 369 2841 Ut
389 2777 519 2862 pedibus
539 2777 671 2862 simplex
691 2775 791 2862 gloria
812 2784 902 2861 parta
923 2776 1022 2851 foret;

133 2908 137 2989 l
277 2895 425 2960 Rusticus
445 2895 584 2981 inspersa
603 2895 705 2959 foedus
725 2893 852 2980 fuligine
873 2893 1000 2971 vultum,

320 3012 381 3094 Qui
402 3022 504 3079 movet
525 3012 664 3079 occutus
685 3013 807 3078 nescius
827 3013 894 3098 ipse
911 3012 1021 3097 jocos3

278 3130 418 3218 Virginis
439 3131 587 3197 indictam
608 3131 770 3216 prodentia
790 3131 907 3196 lumina
927 3130 1093 3210 flammam,

320 3251 458 3337 Quaeque
478 3251 576 3330 oculo·
589 3259 689 3315 matsr
708 3250 760 3314 vix
781 3250 942 3338 probibere
963 3251 1054 3318 velit:

278 3369 348 3435 Has
369 3371 451 3436 intsr
471 3393 607 3449 veneres,
630 3371 720 3436 sedes
741 3370 863 3448 dilecta,
885 3371 998 3437 laboris

319 3489 470 3555 Dulcibus
490 3490 618 3554 innuisti
638 3489 707 3554 lene
728 3490 869 3575 placebat
890 3513 988 3566 cnus3

277 3609 357 3674 Haec
378 3611 497 3675 circum
518 3610 669 3695 placidam
690 3609 849 3695 spirabant
869 3610 1004 3696 undique
1025 3633 1153 3696 pacem3

1251 1392 1253 1425 l

1251 1432 1253 1499 l

1246 2028 1249 2109 l

1243 2264 1247 2361 l

278 2417 450 2505 Displiceat
470 2420 565 2485 toties
586 2419 694 2485 eadem
716 2418 847 2505 repetita
867 2418 1028 2505 voluptas?

1236 3327 1239 3437 l

1236 3462 1239 3535 l

319 3729 399 3794 Haec
421 3729 576 3794 tibi-sed
598 3737 690 3794 notes
711 3728 873 3794 deseruere
894 3729 998 3794 lucos!
1037 3731 1040 3738 “
