2760 4546
489 351 685 416 'xnuuomas
709 376 802 418 clm.

672 497 732 502 ι---
742 474 1194 502 -ffl—-Q——wi

400 598 448 662 Ut
468 598 639 664 fremebant
662 600 863 666 “Damnate
1189 616 1192 658 l

399 709 593 798 Solymarum
614 719 803 789 ornamenta,
1189 686 1192 818 Ι

398 820 534 894 Etcum
554 822 619 886 solo
639 822 800 907 adaequate
931 845 933 851 ·
1188 837 1191 925 p

398 931 495 996 Urbis
516 932 580 998 alta
601 933 831 997 fundamenta.''
1187 1024 1191 1093 μ

1187 1222 1191 1279 Ι

1187 1282 1191 1353 Ι

398 1117 489 1184 Felix
509 1116 577 1196 erit,
600 1118 766 1203 Babylonis

397 1228 493 1306 Nata,
512 1228 596 1294 cloria
611 1230 679 1314 jam
698 1238 819 1308 vexata,

397 1339 436 1402 ln
457 1347 488 1403 te
510 1340 562 1406 die
580 1339 708 1404 ultionis

398 1449 458 1530 Qui
479 1450 627 1534 rependet
648 1459 757 1516 nostra
774 1450 870 1535 fata„

396 1634 486 1698 Felix
507 1635 575 1714 erit,
598 1636 650 1722 qui
671 1635 804 1701 infantes

320 1761 322 1766 '
396 1745 475 1811 (lum
495 1747 673 1832 parentibus
693 1748 823 1826 excidet,

396 1857 440 1921 Et
460 1857 502 1921 ad
521 1857 638 1942 lapides
658 1867 800 1924 extantes

395 1967 504 2032 Vitam
524 1968 664 2055 fragilem
683 1969 786 2036 elidet.

930 2082 972 2146 A.
996 2082 1034 2146 B.
1057 2081 1102 2148 H.

567 2223 570 2230 .

555 2326 728 2392 DOMUS.

225 2460 343 2524 Suco-n
365 2459 477 2546 quietis
498 2462 569 2527 exul
590 2484 610 2526 a
630 2485 708 2549 pura
730 2465 832 2543 domo,

127 2566 129 2572 ’
267 2570 353 2634 Inter
373 2570 493 2635 sodales
513 2571 676 2658 improbos,

89 2730 90 2739 ,
222 2679 362 2746 Tandem
381 2682 464 2746 audii
484 2684 641 2768 perculsus
661 2692 821 2769 expostam
841 2684 944 2762 fidem,

65 2768 71 2801 ⁸
264 2791 433 2878 Addorque
454 2801 631 2858 sanctorum
651 2794 749 2881 gregi.

222 2977 343 3040 Auctor
362 2977 511 3042 modentae
534 2987 638 3044 cantus
659 2980 838 3067 eloquentie

266 3084 342 3149 Fuit
362 3085 413 3150 ille
434 3086 549 3152 Ohristi
570 3089 716 3154 nuncius:

220 3193 285 3259 Sed
304 3216 396 3274 nunc,
418 3197 499 3281 quod
519 3206 592 3263 ante
612 3221 785 3284 spreveram
805 3200 915 3266 nundus
935 3201 1027 3282 domi,

263 3306 344 3371 Auri
365 3306 453 3371 irruit
474 3308 632 3374 famelicae.

89 3552 91 3568 ,
221 3489 251 3556 Ο
272 3491 456 3577 sempiterno
476 3493 583 3579 gratia
598 3493 682 3557 sinan
702 3493 778 3558 mihi

87 3590 91 3657 l
264 3601 418 3682 lascire,
441 3602 537 3681 Deus,
559 3611 591 3668 et
611 3612 700 3669 tuos:

222 3711 336 3777 Velnto
357 3714 459 3779 Mesia
479 3727 541 3779 orn·
553 3723 678 3780 acutum
699 3737 832 3795 cernere,

265 3821 411 3889 Sermone
431 3822 472 3889 sit
493 3824 631 3910 quamvis
652 3825 739 3889 rudi!

92 4117 216 4127 .-.ι-------.Ἰ
227 4119 273 4127 „nm
283 4119 291 4126 -
301 4117 559 4128 umnam-...n-
