2796 4532
97 236 566 255 ¹--.-.....-—-.--.-—-—--
618 237 687 242 -----
710 237 755 242 ---
786 237 795 240 -
864 236 870 241 -

492 327 685 368 ARUNDINES
709 327 803 367 caut.

97 442 548 466 1....-—.--...-.-.-...-
594 454 599 458 .
617 453 657 459 ...-
682 454 727 458 ..-
828 452 928 458 -..--.-.-
938 451 985 458 -...
1004 451 1036 458 ...-

404 619 564 686 OAEOUS
595 621 661 686 AD
691 619 908 686 UXOREM.

98 820 100 863 :
235 763 397 828 Tenemur
418 764 576 850 praeterita
597 787 669 828 cum
689 771 732 841 te,
755 763 878 843 dilecta,
900 765 1044 850 petebam

277 883 428 970 Oonjugio
449 906 571 948 mecum
588 885 719 971 jungere
741 905 842 949 caecus
863 905 942 971 ego;

97 1010 100 1042 ³
235 1001 309 1088 Ipsa
332 1002 562 1088 (susurrabant)
584 1002 652 1066 ibas
672 1002 879 1086 pulcherrima
899 1023 1012 1079 rerum,

276 1120 369 1186 Flore
389 1121 473 1206 prior
493 1141 587 1185 verna
607 1121 660 1207 qui
681 1130 837 1186 recreatur
857 1143 948 1208 aqua,

98 1309 99 1319 ,
235 1242 311 1324 Quae
332 1250 398 1306 tam
418 1251 509 1330 grata
529 1241 608 1320 aliis,
631 1243 684 1328 qui
705 1251 738 1307 te
758 1243 871 1320 videre,
893 1250 1039 1310 venustas

254 1413 256 1420 .
278 1359 537 1424 Fulserit-heu!
569 1360 666 1425 oculis
686 1360 811 1425 abditur
831 1359 883 1424 illa
903 1361 991 1426 meis.

98 1470 101 1511 ³
235 1477 298 1542 Sed
311 1478 425 1544 blanda
438 1485 487 1542 est
500 1477 568 1542 auri
582 1486 638 1544 tua
651 1501 711 1543 vox
727 1479 806 1544 bene
821 1479 947 1565 cognita
959 1485 1092 1545 nostrae:

277 1597 322 1662 Id'
337 1597 395 1662 fuit
416 1620 434 1662 e
455 1597 535 1662 votis
556 1597 699 1662 omnibus
719 1619 811 1663 omne
832 1597 909 1661 mrhr

98 1812 101 1873 ς
234 1785 281 1849 At
302 1784 374 1871 quia
394 1784 540 1849 labuntur
560 1784 688 1850 reduces
709 1784 854 1851 velociter
874 1787 957 1866 anni,

275 1903 351 1968 Jam
372 1903 477 1968 formae
499 1912 671 1968 memorant
691 1905 823 1990 plurima
843 1906 957 1970 damna
977 1913 1059 1982 tuae;

98 2123 102 2143 ν
235 2023 324 2104 Quod
345 2022 425 2110 nigri
446 2022 606 2088 albescant
627 2045 740 2111 rugosa
760 2024 792 2088 in
814 2024 916 2089 fronte
938 2025 1050 2110 capilli,

276 2141 367 2224 Quod
387 2163 459 2207 rosa
479 2142 522 2208 sit
542 2143 657 2207 teneris
678 2143 852 2230 deperitura
872 2144 971 2232 genis.

99 2302 101 2313 ι
235 2260 356 2326 Inscius
375 2261 496 2326 audivi:
527 2284 585 2328 nec
606 2271 680 2328 sunt
700 2263 775 2327 mihi
796 2264 872 2328 talia
892 2286 994 2335 curae:

277 2380 437 2467 Effirgiant
457 2403 594 2461 veneres,
617 2403 681 2446 non
702 2404 761 2469 ego
782 2383 873 2448 testis
893 2404 965 2447 ero:

99 2484 101 2497 '
233 2501 345 2566 uma
365 2501 466 2566 adhue
488 2523 558 2566 mea
578 2523 628 2566 me
649 2503 733 2567 vocs
753 2501 914 2568 unauna
934 2494 1066 2591 conjux:
1206 2482 1208 2555 i

275 2620 314 2685 Id
334 2620 393 2685 fuit
414 2642 432 2684 e
453 2621 534 2687 votis
554 2621 696 2687 omnibus
717 2644 808 2687 omne
829 2622 915 2687 mibi.
1206 2605 1208 2613 ’

235 2806 296 2887 Sic,
318 2808 440 2886 dilecta,
462 2808 604 2873 unasub
625 2808 704 2873 coelo
725 2809 895 2874 errabimus
915 2808 1007 2889 almo,

277 2927 363 2991 Dum
383 2926 485 2993 brevis
505 2926 538 2990 in
558 2934 665 2992 nostro
686 2931 812 3012 pectore
832 2927 896 2993 vita
917 2927 1017 3003 calet;

101 3042 103 3065 '
234 3046 287 3126 Et,
309 3046 368 3110 nisi
388 3046 493 3112 felices
514 3045 637 3133 quando
658 3046 887 3112 numerabimus
906 3047 1009 3126 horas,

277 3164 478 3230 immemores
499 3165 614 3229 erimus
634 3185 692 3229 nos
713 3164 804 3229 simul
824 3187 894 3230 esse
915 3187 1014 3231 senes.

234 3283 323 3365 Quod
344 3284 371 3348 si
391 3304 455 3348 non
475 3283 561 3348 vultu
582 3290 707 3347 maneat
728 3282 813 3347 color
833 3283 884 3348 ille
905 3306 1054 3364 rosamm,

275 3403 378 3468 Frons
398 3401 494 3467 etiam
515 3401 602 3466 uxori
624 3400 666 3466 sit
686 3401 790 3467 minus
810 3403 881 3468 alba
901 3424 999 3480 mcae3

235 3521 309 3586 Vox
328 3529 384 3587 tua
404 3521 582 3609 suaviloqua
602 3542 652 3586 mc
674 3521 755 3607 cepit
776 3521 911 3609 imagine
930 3523 1082 3608 primum

277 3640 350 3707 Vox
370 3649 427 3708 tua
447 3641 502 3705 dat
522 3639 680 3727 liquidum,
703 3641 786 3727 quod
807 3641 891 3707 dedit
912 3650 994 3721 ante,
1017 3644 1123 3710 melos.

939 3761 983 3826 H.
1008 3760 1035 3827 I.
1059 3762 1104 3826 H.
