2760 4546
513 315 707 358 annuemus
734 317 828 358 GAMl.

279 812 513 879 SCRIPTUM
545 814 595 879 IN
626 811 786 878 MONTE
816 812 1065 880 BERNARDI.

212 948 296 1012 an
318 949 370 1014 ubi
392 971 468 1013 saxa
488 949 573 1014 vides
595 948 744 1014 Bemardi
765 949 798 1012 in
819 957 934 1026 monte,
956 949 1064 1028 viator,

255 1068 387 1132 Penniui
408 1069 562 1154 quondam
583 1069 699 1154 templa
719 1068 804 1132 fuere
825 1068 849 1130 J
851 1068 924 1145 ovis,

213 1186 394 1272 Hospitium
414 1196 511 1266 vetus,
534 1196 566 1252 et
586 1188 693 1254 multis
713 1188 909 1252 memorabile
930 1187 1049 1263 saeclis3

255 1306 346 1372 Nune
367 1308 478 1372 colitur
497 1307 560 1372 veri
581 1308 716 1373 sanctior
736 1329 791 1373 ara
813 1307 884 1372 Dei.

213 1426 337 1491 Scilicet
357 1427 408 1492 hio
430 1427 504 1491 olim
525 1426 619 1491 voluit
640 1427 699 1492 sibi
720 1449 833 1513 ponere
854 1427 960 1490 sedem

254 1545 385 1632 Religio,
408 1554 440 1610 et
462 1546 544 1610 notis
564 1547 679 1632 gaudet
699 1546 809 1610 adesse
825 1545 930 1632 jugis;
1017 1553 1019 1556 ’

100 1642 105 1719 i
213 1663 321 1750 thue
341 1664 426 1750 prius
446 1665 558 1730 blanda
578 1665 737 1730 venientes
756 1687 831 1730 voce
852 1665 976 1742 salutat,

253 1781 363 1867 Deque
384 1782 434 1846 via
454 1779 543 1847 fessis
563 1783 645 1847 alma
665 1784 821 1848 ministrat
842 1806 942 1869 opem,

214 1900 258 1964 Et
278 1900 391 1966 fractas
412 1879 534 1988 reparat
554 1903 643 1979 vires
665 1903 824 1989 reficitque
845 1903 973 1980 medela,

256 2021 300 2084 Et
321 2022 403 2086 fovet
426 2023 541 2108 Alpino
561 2025 699 2088 membra
720 2033 845 2109 perusta
865 2026 957 2112 gelu3

101 2137 104 2144 ’
212 2138 290 2217 Aut,
312 2163 389 2228 quos
409 2142 546 2206 obruerit
566 2143 669 2207 subita
689 2143 743 2208 nix
763 2143 850 2229 lapsa
870 2145 967 2221 mina,
1102 2186 1104 2193 ι

256 2259 358 2345 Eripit
378 2284 419 2326 ex
440 2261 504 2326 alta
524 2263 614 2340 mole,
637 2270 781 2347 vetatque
802 2263 890 2328 mori.
1015 2275 1017 2279 “

101 2422 104 2465 t
214 2379 379 2466 Temperat
400 2388 432 2446 et
454 2383 563 2448 Boreae
584 2382 711 2460 rabiem,
734 2382 893 2470 mollitque
914 2381 1049 2467 pruinae,

101 2503 105 2603 ‘p
256 2499 300 2562 Et
320 2499 395 2564 facit
415 2510 531 2565 aeterno
552 2522 622 2565 vere
642 2508 747 2586 tepere
769 2499 863 2564 nives.

101 2699 107 2849 l

101 2864 107 3058 l
561 2963 793 3028 nAnolmo.
862 3014 864 3019 s

101 3068 107 3175 l
173 3099 210 3162 Sr
232 3121 374 3164 nummos
395 3099 519 3176 habeas,
542 3099 582 3162 da
603 3100 686 3185 quod
707 3100 821 3175 habes;
855 3100 882 3164 si
904 3100 1007 3166 miuus
1027 3100 1060 3164 id
1080 3101 1173 3179 vales,
1239 3056 1245 3187 Ξ

101 3188 108 3311 l
173 3219 225 3282 Da
244 3219 418 3284 solatiolum
439 3218 619 3304 dulciloquis
640 3226 673 3282 et
693 3219 807 3282 teneris
827 3219 939 3283 labris:

102 3324 108 3499 ἱ
173 3341 208 3405 Si
230 3341 303 3428 quid
323 3340 487 3405 fecerimus
506 3340 598 3404 corde
618 3339 680 3424 pio,
702 3339 820 3424 plaudit
842 3363 918 3425 opus
940 3341 1047 3418 Pater,

102 3502 105 3519 .
172 3461 234 3542 Qui
256 3483 313 3526 nos
333 3460 468 3525 instituit
489 3481 591 3523 rerum
612 3458 728 3543 inopes,
751 3466 783 3522 et
804 3459 954 3524 miserans
975 3459 1067 3524 videt.
