2774 4538
578 253 724 258 ——-——--
733 250 1201 261 ———-————.-——-——..

504 355 698 396 Auuuuiuus
722 355 816 395 cnm.
1122 335 1163 398 99
1199 404 1201 415 Ι

145 579 257 665 thue
278 588 372 644 ruunt
392 580 510 644 luteum
530 603 585 666 per
605 581 706 644 vicum
727 581 859 666 impulse
879 590 1005 668 tropaea,

193 699 268 786 Ipsa
288 707 399 764 notant
419 722 439 764 a
460 700 547 787 queis
567 700 706 787 partsstus
726 701 811 765 urbis
832 710 915 768 eant.

144 817 211 881 Per
233 819 318 882 Fora
338 841 393 905 per
413 828 516 884 totum
536 819 652 884 violens
673 819 741 883 fluit
762 820 846 884 undu
866 821 1046 898 macellum

188 938 361 1004 Immeusos
382 940 481 1025 aperit
502 940 595 1027 longa
617 940 755 1004 Suburra
775 939 881 1016 sinus;

72 1060 75 1079 '
143 1055 210 1120 Hic
231 1057 315 1121 varia
336 1059 431 1122 effoeti
454 1059 615 1144 rapiuntur
635 1057 765 1145 pignora
785 1057 855 1138 vici,

189 1175 249 1240 Ilia
269 1179 408 1263 percussi
429 1179 521 1244 mista
542 1201 649 1244 cruore
670 1178 766 1256 bovis,

72 1360 76 1405 t
144 1296 325 1384 Piscesque,
348 1299 558 1385 immundique
579 1320 681 1376 canes,
704 1298 848 1384 solesque,
870 1299 1031 1386 simusque,

188 1418 314 1504 Stercus
336 1421 495 1485 odoriferae
516 1420 720 1506 colluvicsque
740 1419 809 1485 viae.

145 1537 208 1602 Sed
225 1539 302 1602 mihi
320 1561 379 1603 nec
397 1539 533 1625 spatium
550 1545 599 1603 est
616 1560 674 1603 nec
692 1560 790 1616 mens,
806 1546 842 1602 ut
859 1538 979 1627 singula
993 1562 1158 1606 narrem-
1193 1524 1195 1545 ’

189 1656 308 1722 Cuncta
329 1658 421 1726 simul
442 1658 568 1723 tumidis
589 1665 679 1743 rapta
699 1657 838 1721 serimtur
857 1659 955 1744 aquis.
1192 1670 1194 1719 t

1008 1779 1044 1845 J.
1067 1779 1112 1846 H.
1192 1770 1194 1847 ζ

554 1931 753 1940 -ι--ῄ

498 2143 563 2206 ΑΙ)
594 2141 795 2207 LYDIAM.

186 2280 238 2342 Di
262 2278 384 2343 veniam
404 2247 508 2350 sassc;
538 2277 657 2364 puduit,
680 2287 713 2342 te
733 2278 871 2356 absente,
894 2279 1035 2342 teneri-

227 2398 351 2462 Oblitus
371 2397 516 2461 horarum
536 2397 598 2460 sui:

134 2567 137 2574 .
184 2518 286 2598 Quam
307 2517 403 2582 tacito
425 2517 540 2581 incedit
562 2517 699 2601 Tempus
719 2517 807 2602 pede,
830 2517 873 2580 nil
893 2517 953 2582 uisi
975 2517 1082 2583 molles

225 2638 305 2702 Oum
327 2637 410 2701 calce
431 2636 522 2701 flores
542 2635 691 2722 proterit!

184 2825 269 2906 Quis,
292 2823 407 2888 sensim
428 2832 463 2888 ut
484 2822 627 2899 refluunt,
650 2821 695 2885 ita
715 2823 813 2908 grana
833 2821 933 2885 fidelis
953 2819 1067 2887 ocellus
1188 2863 1189 2880 ι

226 2944 264 3007 In
286 2943 383 3007 vitreo
403 2950 493 3006 notat
513 2941 615 3029 globo,
1028 3033 1030 3037 Ι
1188 2917 1189 2927 ¹

77 3116 81 3143 ,
183 3064 217 3128 Si
237 3063 370 3150 gemmis
390 3062 531 3149 splendet
552 3061 644 3125 simul
666 3060 766 3125 omnis
787 3081 881 3124 urens
901 3060 1039 3138 minutis,

223 3182 333 3246 Nitore
355 3204 423 3267 quae
444 3181 554 3244 fallunt
575 3182 654 3244 suci

183 3369 259 3450 Quis
280 3369 362 3455 quod
382 3374 468 3431 amat
488 3365 616 3430 metitur
636 3358 926 3452 cpus'celeremque
943 3363 1082 3431 'volatum

224 3489 312 3552 Inter
331 3507 441 3550 serena
463 3484 633 3571 Temporis,

181 3607 259 3670 Oum
282 3604 488 3670 Pamdisiacae
509 3604 622 3690 plumae
643 3603 805 3668 suffiiderit
824 3604 882 3669 uiis

223 3726 359 3811 Tempus
380 3724 497 3789 colores
518 3726 647 3788 aureosi
