2760 4546
1055 253 1061 257 ’
1174 251 1207 321 'i

518 349 714 390 nnnunruus
737 348 833 388 usur.
1096 325 1157 386 225

1051 466 1201 474 uu*—

368 573 446 639 {Tu
477 573 528 638 IN
557 574 715 638 OMNES
746 572 939 638 TERRAS.

404 711 541 776 Tunius
562 712 603 776 ub
624 733 722 798 usque
743 711 901 778 montibus

402 831 486 896 Albo
506 831 579 918 gelu
599 830 789 918 rigentibus3
910 817 915 828 ’

402 951 455 1016 Ab
478 951 578 1030 Indis,
601 971 662 1036 qua
682 949 778 1015 curuli

402 1069 544 1136 Vincunt
564 1091 674 1134 arenas
693 1091 843 1157 aggerem
870 1075 873 1082 '

402 1189 586 1275 Aurumque
607 1210 669 1275 qua
689 1186 856 1253 devolvitur

402 1307 473 1374 Afri
495 1329 535 1372 ex
555 1308 667 1394 apricis
688 1307 849 1381 amnibus;

403 1426 507 1490 Multo
528 1450 546 1491 e
567 1434 689 1492 vetusto
710 1426 847 1503 flumine,
916 1457 922 1464 ·

403 1546 574 1633 Multisque
594 1546 737 1632 pshnetis
756 1545 858 1623 simul,

404 1667 588 1745 “Auens’'
610 1666 745 1731 clamant
768 1665 900 1730 “tollite

403 1785 526 1850 Erroris
547 1793 616 1850 atra
637 1785 759 1850 vincula
771 1786 800 1849 !''

401 1973 484 2053 Quid
504 1974 594 2038 thure
615 1973 652 2050 si,
676 1971 702 2035 si
724 1973 861 2037 balsamo

403 2093 507 2156 Odora
528 2092 617 2157 Javae
638 2092 739 2170 litora,

402 2211 436 2275 Si
458 2233 529 2275 rura
549 2212 701 2299 pulcriors
721 2220 804 2289 sunt,

403 2333 569 2418 Homoque
590 2309 673 2396 sulus
694 2331 762 2396 vilis
783 2333 851 2395 esti

404 2454 535 2520 Frustra
557 2452 618 2517 Dei
638 2451 813 2538 benignitas

401 2572 453 2637 Sic
474 2573 600 2658 largiter
621 2572 706 2636 dedit
726 2593 864 2638 manu—

402 2692 596 2779 Oaliginosus
618 2693 772 2756 Ethnicus
955 2679 956 2684 ἵ

402 2811 487 2876 Deos
507 2812 616 2875 adorat
637 2811 774 2897 ligneos!

402 2997 447 3062 Et
468 3020 536 3076 nos,
558 2997 669 3084 quibus
690 2999 753 3062 veri
774 3021 895 3064 ssorum

402 3113 527 3178 Effirlsit
548 3135 566 3177 e
588 3112 667 3178 coelo
684 3114 786 3198 jubar,

402 3230 501 3297 Oaeeis
522 3232 594 3298 viris
615 3234 796 3320 negabimus

401 3349 497 3429 Vitae,
520 3350 636 3437 viaeque
656 3351 819 3438 lampada?

403 3469 519 3534 Salutis
541 3470 731 3535 O-Suiutis
753 3471 792 3548 0,

403 3589 578 3655 Enunciate
598 3590 738 3676 gloriam,

403 3709 554 3773 Extrema
574 3710 672 3774 donec
693 3710 783 3774 litora

405 3829 525 3893 Sonant
548 3828 620 3892 lesu
642 3829 785 3894 nomine!
