2796 4532
121 203 660 229 r———--—--·

529 309 723 350 Anunnlnns
747 309 842 348 cnm.

203 423 212 429 -
226 421 475 430 ---.-..---—....-—-
496 419 565 425 —-—

464 604 555 670 AH!
595 605 677 669 SIM
708 602 910 668 PAPILIO.

311 751 390 816 Au!
420 752 481 816 sim
502 749 623 836 Papilio
643 756 736 815 natue
756 750 790 814 in
809 748 948 827 flosculo,

354 873 449 937 Rosae
470 869 523 935 ubi
544 869 667 956 liliaque
688 877 722 935 et
742 869 830 935 violae
850 869 977 943 taalenu

313 991 457 1056 Floribus
477 988 633 1066 advolans,
654 989 790 1066 evolans,
812 987 918 1054 osculo

355 1109 536 1175 Gemmulnc
555 1116 697 1196 tangens,
720 1130 790 1195 quae
810 1129 904 1174 eumve
925 1107 1029 1174 olent!

314 1228 444 1315 Sceptra
464 1235 498 1293 et
518 1249 593 1316 opes
614 1250 673 1316 ego
694 1228 874 1315 neutiquam
894 1227 1028 1314 postulo,

355 1346 437 1413 Nolo
457 1369 517 1434 ego
537 1346 578 1411 at
598 1346 694 1431 pedes
715 1347 768 1433 qui
789 1369 824 1412 se
845 1346 985 1414 volutent
995 1371 1048 1412 :-

314 1465 386 1529 Ah!
417 1465 477 1530 sim
499 1464 620 1552 Papilio
641 1473 735 1530 natue
755 1465 788 1529 iu
808 1464 946 1544 flosculo,

355 1583 508 1650 Osculum
527 1573 667 1672 gemmus
688 1606 758 1672 quae
778 1605 873 1650 eumve
893 1583 997 1652 olent!

313 1770 474 1858 Mngicam
494 1770 521 1836 si
542 1782 666 1856 possem
686 1771 806 1858 virgum
826 1769 931 1850 furari,

354 1889 434 1954 Alce
455 1889 512 1954 hnc
533 1888 657 1975 pulcras
677 1895 783 1976 cptem
803 1889 857 1968 mi,
878 1889 977 1956 eheu!

313 2007 446 2073 AEstivis
466 2007 546 2073 entis
566 2008 676 2074 diebus
696 2008 729 2071 in
749 2015 831 2086 atre,

354 2125 441 2190 Rosa
461 2127 577 2191 cubent
599 2126 781 2193 Philomelae
802 2133 907 2192 cantu.

313 2245 397 2330 Opes
417 2244 492 2331 quid
512 2245 808 2325 affemntt-curas‚
830 2267 974 2312 somnum
994 2267 1081 2312 rare:

355 2364 485 2450 Sceptra
505 2364 549 2428 nil
569 2372 682 2450 praeter
702 2387 865 2444 aerumnas,
888 2365 987 2432 eheu!

313 2482 386 2547 Ah!
417 2483 477 2548 sim
499 2483 630 2569 Papilio,
660 2483 710 2549 die
730 2484 837 2549 volnus
857 2490 939 2565 atre,

355 2603 440 2669 Rosa
461 2605 579 2670 cubans
601 2604 781 2671 Philomeloe
803 2608 917 2671 cantu!

314 2790 472 2878 Quemque
492 2791 603 2856 horum
623 2791 768 2879 vngulum
789 2791 866 2857 dicis
886 2791 1011 2856 horrore

356 2908 489 2998 Frigora
508 2911 649 2977 autumni
669 2912 760 2976 ferire
781 2934 856 2978 suo:

313 3030 425 3094 AEstas
445 3031 569 3115 quando
589 3031 675 3110 abiit,
698 3031 822 3096 mnllem
842 3053 901 3119 ego
922 3030 1010 3109 mori,

356 3147 449 3213 Omni
471 3149 553 3235 quod
573 3149 663 3216 dulce
683 3157 733 3216 est
753 3151 883 3216 cedente
903 3150 1020 3235 pulcro.

313 3268 437 3334 Brumae
458 3268 512 3355 qui
535 3269 662 3355 cupiunt
684 3277 811 3356 captent
831 3270 936 3336 labore

356 3387 487 3466 Gaudia,
509 3396 542 3453 et
562 3409 665 3454 morae
684 3390 793 3454 breves
813 3390 1004 3454 trahuntc-

313 3507 388 3571 Ah!
418 3507 479 3572 sim
500 3507 639 3594 Papilio:
670 3509 769 3574 vivam
791 3509 824 3572 in
845 3531 957 3588 errore,

355 3625 582 3715 Goncidamque
604 3628 687 3693 omni
711 3629 840 3695 cedente
860 3631 988 3716 pulcro!

1028 3746 1149 3813 uu.
1234 3692 1237 3797 ἔ
