2760 4546
117 295 482 305 r———u-——u-..a-
489 298 664 304 -—--.--—-—

115 326 118 450 l
532 380 725 423 iconomus
753 383 848 424 cunr.
1132 361 1190 428 171
1233 318 1236 481 l

1103 511 1212 520 -.m-

115 648 117 668 2
222 607 337 694 ‘Ergo
357 607 433 686 abit,
456 616 489 674 et
510 609 648 675 volucres
669 619 701 676 et
730 633 872 699 gemmea
893 619 983 699 prata
1004 612 1144 701 reliquit?
1231 621 1234 697 ζ

271 727 318 792 Et
336 750 407 793 mea
426 728 630 816 nequicquam
651 751 710 794 vox
731 729 863 815 repetita
884 733 995 797 sonat?

223 849 396 914 Immemor
416 855 449 912 et
469 848 576 927 nostri,
598 870 654 935 per
674 847 772 914 toedia
792 849 886 936 longa
906 850 1035 930 dierum,

271 965 334 1032 Per
354 974 453 1031 totam
468 974 609 1032 aestatem
629 989 691 1032 non
712 967 795 1033 venit
816 989 913 1056 usque
934 969 1031 1035 mihil

226 1151 296 1217 Nec
317 1174 439 1218 rursum
460 1152 493 1218 io
513 1151 601 1218 viridi
622 1153 750 1220 reduces
770 1154 940 1220 errabimus
960 1157 1089 1222 umbrat

269 1273 323 1338 Ad
344 1295 463 1352 nemus,
485 1274 526 1339 ad
547 1274 658 1352 fontes,
680 1273 879 1340 incomitatus
899 1278 988 1341 eamt

226 1391 314 1456 Dure
334 1414 420 1479 puer,
443 1393 497 1480 qui
517 1401 566 1459 tot
588 1395 693 1459 dulces
715 1394 887 1480 neglexeris
906 1394 1008 1472 horas,
1101 1481 1103 1486 Ι

271 1509 338 1576 Nec
360 1511 480 1578 dederis
501 1511 588 1578 fratri
610 1511 697 1577 basia
718 1512 806 1598 plura
826 1519 881 1578 tuo
895 1512 914 1575 Γ

1038 1632 1083 1698 H.
1109 1631 1151 1698 D.

451 1995 649 2063 FIDELES
679 1997 919 2064 TUMULUS.

313 2130 427 2210 Tuon,
452 2131 570 2211 Fidele,
584 2133 711 2198 floribus
731 2133 930 2220 pulcerrimis,

313 2249 396 2313 Dum
419 2250 509 2314 durat
531 2258 632 2329 aestas,
654 2251 847 2338 incolamque
867 2275 918 2317 mc
939 2253 1043 2319 vident

313 2368 393 2434 Haec
414 2391 495 2448 rura,
517 2369 610 2434 fimus
630 2377 814 2464 contegam:
838 2371 1026 2456 pallentium,

314 2487 373 2552 Tui
394 2487 491 2554 instar
512 2489 583 2568 oris,
605 2490 803 2576 primularum
823 2491 913 2577 copia

314 2603 410 2669 Haud
431 2605 539 2684 deerit,
562 2613 618 2669 aut
638 2606 738 2671 colore
759 2627 853 2672 venas
873 2605 1023 2671 aemulans

314 2721 521 2808 Hyacinthus,
542 2733 597 2790 aut
618 2709 713 2791 odora
733 2725 818 2790 frons
838 2724 1016 2811 cynosbati:

313 2842 401 2923 Quas,
424 2865 481 2908 nec
502 2843 734 2924 calumniamur,
756 2846 839 2911 haud
860 2855 927 2911 erat
948 2853 1013 2922 tuo,

314 2959 418 3024 Odora
438 2962 587 3048 quamvis
609 2963 721 3049 spiritu
741 2964 935 3052 fragrantior.

313 3077 383 3143 Tibi
404 3080 470 3145 haec
491 3088 619 3147 vetustae
641 3104 724 3148 more
746 3084 988 3149 mansuetudinis

314 3197 358 3282 (Ο
379 3219 448 3262 mos
468 3198 576 3284 pudori
597 3200 733 3287 prodigis
754 3201 928 3268 haeredibus
1237 3261 1238 3281 ,

313 3316 479 3384 Inhumata
499 3327 622 3405 patrum
643 3320 695 3406 qui
716 3321 890 3408 relinqmmt
911 3344 1037 3408 corpora
1050 3323 1075 3403 !)
1237 3319 1239 3406 l

313 3431 540 3502 namuurum
560 3438 842 3525 msuosutauus
1237 3428 1239 3443 '

312 3550 467 3640 Affenet3
490 3551 555 3618 imo
574 3553 680 3640 plura;
704 3576 836 3642 namque
857 3557 985 3621 mortuis

315 3671 378 3735 His
399 3671 550 3750 omnibus,
573 3674 672 3740 cubile
694 3696 799 3741 musco
821 3684 981 3754 sterneret,

315 3788 492 3877 Brumaque
513 3796 546 3856 te
567 3798 698 3871 curaret,
721 3800 756 3857 ut
777 3792 952 3858 viresceres.
1042 3877 1070 3940 F
1105 3876 1138 3940 H

1237 3452 1239 3505 l

139 4046 625 4136 &mmm-*Q
