2774 4538
493 351 686 392 aasabim
710 351 805 391 cami.

109 471 116 474 -
130 472 214 480 -—-·—-
230 475 235 480 .
246 475 257 480 .-
295 476 301 480 .
329 473 645 481 m-.—-„·—-—..
671 475 697 479 .--
715 473 849 480 -,-.-.--.-

390 739 398 748 ’
443 751 593 817 IMBER
623 751 854 816 URBANUS.

231 923 266 986 Si
289 923 368 986 bene
389 920 462 1006 quis
480 920 554 984 varii
577 921 754 1008 cognoverit
774 921 878 985 omina
900 887 980 1000 coeli,

274 1049 347 1113 Non
367 1055 483 1112 temere
503 1047 575 1111 huic
596 1047 707 1112 subitis
728 1048 826 1113 obfuit
847 1049 944 1114 imber
964 1050 1062 1136 aquis.
1197 1020 1200 1058 i

232 1177 357 1242 Scilicet
377 1176 411 1239 in
431 1183 530 1240 terras
551 1175 603 1240 ubi
624 1175 666 1240 sit
687 1175 805 1240 ruitura
826 1177 967 1261 procella,

274 1304 422 1390 Undique
443 1305 519 1369 dant
540 1312 641 1369 certas
661 1304 792 1390 plurima
812 1304 903 1391 signa
923 1313 1023 1370 notas.

107 1485 109 1510 s
233 1431 357 1497 Desinit
378 1439 520 1495 assuetos
539 1430 659 1496 venturi
679 1431 808 1516 praescia
828 1431 927 1510 ludos,

275 1559 343 1624 Noc
364 1557 503 1644 sequitur
525 1557 655 1622 caudam
676 1557 754 1636 felis,
777 1565 813 1622 ut
833 1565 916 1636 ante,
938 1579 1045 1624 suam:

108 1679 109 1688 ’
232 1686 364 1751 Putrida
384 1693 545 1771 corruptos
565 1685 689 1751 sentina
709 1685 831 1750 emittet
852 1688 971 1764 odores,

275 1816 355 1880 (ium
375 1815 530 1901 propriam
550 1823 680 1901 repetes,
703 1822 794 1879 nocte
815 1815 949 1894 ineunte,
971 1816 1107 1880 domum.
1198 1792 1202 1847 i

132 1961 140 1970 ·
234 1943 268 2007 Si
290 1941 402 2027 sapias,
424 1941 517 2005 hodie
537 1941 579 2006 sit
600 1963 674 2006 cura
695 1941 864 2006 domestica
884 1964 993 2017 coena3
1199 1921 1201 1932 ,

232 2106 235 2114 ·
279 2069 393 2132 Mensa
413 2088 470 2131 uec
491 2066 618 2133 alterius
638 2067 767 2132 suadeat
788 2067 833 2132 ire
853 2067 956 2143 foras3

110 2286 112 2300 ,
235 2195 356 2280 Quippe
372 2193 475 2280 gravis
491 2202 633 2279 sumptus
651 2195 813 2259 conductae
832 2195 951 2282 (crede)
971 2196 1137 2283 quadriga,
1200 2144 1202 2157 Ι

277 2321 354 2385 Plus
373 2320 431 2384 tibi
455 2321 609 2386 constabit
630 2343 724 2406 quam
745 2330 799 2387 tua
820 2343 910 2386 coena
931 2323 1025 2387 domi.

111 2437 113 2464 ³
236 2449 325 2514 Saeva
345 2449 463 2513 dabunt
484 2448 650 2535 importuni
670 2449 821 2536 praesagia
843 2449 922 2528 calli,

279 2576 323 2640 Et
344 2596 441 2642 novus
461 2597 481 2640 a
501 2576 608 2641 fractis
628 2575 773 2640 dentibus
793 2597 890 2663 angor
911 2577 979 2642 erit.

235 2702 359 2768 Oscitat
380 2703 472 2788 inque
493 2711 590 2768 uncta
610 2703 780 2768 discinctus
802 2702 901 2769 Natta
921 2704 1036 2791 popina

112 2883 118 2890 .
280 2830 385 2895 Mus
405 2831 493 2918 piger
513 2832 552 2896 oe
573 2853 618 2908 se,
640 2832 679 2897 oe
700 2831 782 2898 Jove
803 2832 900 2897 mus
921 2833 1015 2900 dont.
1104 2801 1107 2805 “

112 2972 114 3052 ζ
237 2957 362 3023 Interea
382 2959 523 3024 madidas
545 2960 663 3024 Auster
683 2960 783 3047 quatit
805 2961 949 3026 humidus
969 2963 1044 3042 adas,

280 3086 324 3151 Et
345 3094 447 3151 totum
467 3088 564 3151 nubes
585 3097 716 3174 occupat
738 3097 806 3154 atra
826 3090 940 3175 polum,

238 3216 316 3297 Quae
337 3214 432 3278 nimio
453 3215 574 3300 proluta
595 3215 717 3293 haustu,
741 3217 822 3280 velut
844 3217 946 3282 ebrius
967 3218 1050 3297 olim,

281 3342 471 3407 indelibatas
492 3343 605 3408 evomit
626 3366 679 3408 ore
700 3344 805 3430 dapes.

112 3457 116 3513 i
239 3471 411 3556 Suspensas
433 3471 574 3536 Susanna
594 3473 675 3558 rapit
696 3473 735 3537 de
756 3477 894 3539 cannabe
915 3486 1026 3557 vestes,

283 3597 397 3663 Fertur
419 3605 454 3662 ut
475 3598 598 3683 obliqua
619 3599 717 3684 prima
738 3601 873 3686 procella
893 3604 951 3668 via.

113 3700 116 3746 ἕ
240 3725 292 3790 Sio
314 3727 405 3790 tortis
426 3727 529 3812 agitur
550 3727 588 3790 de
609 3727 710 3811 scopis
731 3727 856 3792 foetidus
877 3730 984 3806 imber,

285 3853 404 3918 Praeter
426 3853 601 3939 inexpertas
622 3862 654 3952 te
675 3862 857 3939 properante
878 3855 978 3919 fores:

112 3980 242 4096 L...-
254 4087 335 4097 ..ψη
343 4086 519 4096 ..qm-
532 4087 598 4096 ωσι-Η
605 4085 953 4096 ...mm—W
958 4082 1065 4090 --v·-·-·⁰···
1073 4085 1089 4092 ι-
1101 4085 1119 4091 -
