2774 4538
543 359 718 400 nauriunt!
743 359 830 402 our.

595 720 768 786 DANAE.

310 875 453 956 Quirino
476 874 633 939 insonaret
653 875 712 939 sub
732 875 821 939 trabe
842 875 962 941 daedaia

309 993 370 1059 vis
390 1015 473 1058 sarva
492 1001 663 1072 ventorum,
686 1002 718 1058 et
739 993 839 1081 pelagi
861 993 949 1080 palus

351 1113 508 1180 Gonoussa
528 1114 672 1179 suaderet
692 1113 844 1192 timorem,

394 1241 492 1328 Inque
513 1240 609 1306 oeulis
630 1250 818 1328 premeretur
839 1241 958 1320 humor,

192 1336 197 1346 ¹
309 1361 401 1426 Fovit
421 1361 568 1427 tenellum
591 1361 707 1426 Persea
728 1361 862 1427 brachiis

308 1481 457 1568 Dixitque
481 1465 604 1546 Mater:
630 1482 707 1547 ‘Me
728 1481 881 1558 miseram,
904 1480 1015 1567 quibua

354 1597 443 1663 Gur-ie
464 1598 591 1664 laboro!
615 1607 650 1662 tu
672 1598 727 1663 sed
748 1597 843 1664 aeneio

394 1717 546 1783 Veotibue
566 1717 789 1805 implacidoque
809 1718 900 1797 lecto,

310 1836 493 1902 Mollieeime
514 1845 601 1915 aetae,
623 1835 779 1914 sumeris,
802 1845 834 1900 et
854 1859 980 1925 gravem

307 1953 415 2039 Oarpie
436 1975 596 2039 soporem:
620 1961 653 2016 te
674 1951 775 2040 pelagi
796 1953 908 2038 premit

350 2071 487 2158 Ooelique
509 2073 628 2159 ealigo;
652 2073 708 2136 sed
729 2072 795 2157 ipse

392 2191 569 2256 immemori
592 2192 700 2256 frueris
722 2192 845 2278 quiete3

307 2310 463 2390 Quantum
484 2308 601 2394 capillis
623 2309 803 2374 immineant
824 2331 923 2395 aquae,

307 2429 522 2513 Quantumque
543 2428 627 2492 venti
648 2427 695 2491 vis
715 2437 829 2513 erepet,
851 2428 941 2492 unice

350 2546 500 2610 Securus:
524 2555 560 2610 ut
580 2546 706 2632 pulcher
727 2546 887 2631 nitensque

392 2667 550 2752 Purpureo
572 2667 702 2730 recubas
723 2666 755 2728 in
777 2669 881 2730 ostro!

308 2785 396 2865 Quod
418 2786 445 2848 si
467 2784 591 2848 timeres
613 2807 681 2871 quae
703 2783 778 2847 mihi
800 2792 873 2847 eunt
894 2794 989 2863 metu,

306 2903 350 2966 Et
371 2903 438 2968 lene
460 2903 620 2968 consilium
641 2903 805 2967 imbiberes
826 2925 939 2982 meum,

347 3023 466 3101 Dormi,
486 3025 647 3110 juberem;
673 3023 847 3088 dormiunto

389 3142 476 3206 Dura
497 3143 579 3229 fugae
601 3142 691 3220 mala,
718 3142 794 3206 dura
815 3142 912 3228 ponti.

305 3261 356 3325 Sie
377 3270 410 3326 et
431 3262 582 3356 benignus
604 3262 764 3327 eonsilium
785 3272 873 3347 pater

306 3377 410 3440 Mutet
431 3379 585 3464 refingens
606 3378 638 3441 in
659 3378 778 3456 meliuS,
801 3400 900 3480 neque

347 3495 427 3560 Haeo
449 3496 526 3560 nolit
547 3497 662 3574 ulcisci,
685 3497 839 3582 precando

389 3615 430 3678 Ni
452 3615 561 3679 fuerim
583 3615 712 3678 nimium
733 3615 863 3679 molesta
876 3617 895 3678 !'
