2760 4546
508 385 703 427 annuemus
725 384 821 424 unul.

502 613 568 677 ΑΙ)
598 612 831 676 OEREREM.

118 735 120 799 l
203 759 295 821 Drva
322 755 425 834 Ocrea,
449 753 604 840 opulenta,
627 753 684 819 tibi
706 755 773 818 haec
795 752 933 816 Junonia
955 752 1045 839 longe

119 876 120 956 ᾗ
204 869 302 936 Jussa
323 867 398 944 lero,
421 867 511 951 cujus
532 863 655 950 liquidis
677 864 708 926 in
729 862 862 928 nubibus
886 862 945 926 Iris

118 962 120 1027 ἶ
205 979 280 1064 Ipsa
299 999 355 1064 per
377 975 520 1040 aetherios
541 975 627 1038 labor
647 973 820 1059 praenuntia
841 981 970 1036 tractus.

203 1089 317 1153 Jamne
338 1095 410 1151 tuas
430 1085 528 1149 multa
548 1085 704 1149 vibrantes
724 1105 824 1148 messe
845 1082 979 1160 novales,

118 1247 120 1288 ξ
206 1199 434 1284 Triticeamque
456 1196 536 1259 ultro
558 1203 707 1282 segetem,
730 1194 910 1280 viciamque,
932 1193 1104 1279 fabamque,

118 1308 119 1336 ³
206 1308 346 1394 Linquis,
369 1314 402 1370 et
422 1311 533 1370 erectae
555 1303 743 1391 penetrabile
766 1303 887 1369 culmen
909 1307 1029 1368 avenaet

204 1418 320 1483 Jamne
340 1426 411 1482 tuos
433 1425 564 1494 montes,
586 1415 689 1480 ovium
703 1423 735 1480 et
756 1413 897 1480 rodentis
918 1415 1019 1492 saecla,

208 1529 261 1606 Et,
283 1529 383 1594 tutela
403 1527 473 1614 vagi
495 1526 625 1613 pecoris,
648 1549 718 1612 quae
740 1525 871 1611 plurima
891 1547 981 1610 sepes

207 1639 370 1725 Implicitis
391 1639 499 1724 planos
521 1637 663 1703 distinxit
684 1637 821 1702 cratibus
840 1640 953 1723 agrosl

206 1751 322 1816 Jamne
343 1759 375 1815 et
397 1749 539 1836 ripicolas
559 1749 720 1814 fluviorum
742 1747 773 1812 in
795 1747 933 1834 margine
953 1748 1054 1826 flores,

119 1874 120 1891 ¹
207 1862 295 1940 Lilia,
318 1863 540 1948 paeoniamque,
563 1860 685 1946 Aprilis
706 1860 796 1938 dona,
819 1860 990 1937 rubentem,

207 1973 310 2038 Usum
331 1973 363 2036 iu
384 1971 597 2058 nympharum,
618 1979 651 2035 et
672 1970 798 2034 nuribus
818 1969 996 2034 redimicula
1017 1970 1126 2036 castis?

120 2124 121 2136 κ
207 2086 254 2150 At
276 2107 376 2171 neque
397 2094 429 2150 te
450 2084 548 2149 multo
569 2082 722 2148 vindemia
743 2081 863 2146 consita
883 2082 964 2168 palo,

120 2178 122 2235 3
208 2199 345 2284 Quaeque
365 2197 556 2284 genistarum
578 2194 658 2259 laesis
679 2201 743 2257 stat
764 2191 941 2257 amantibus
961 2194 1079 2272 umbra,
1218 2199 1219 2212 ¹

121 2319 123 2378 ξ
208 2307 378 2381 Detineat;
401 2329 458 2371 nec
480 2306 553 2370 lit-us
574 2305 656 2370 iners
678 2325 882 2390 scruposaque
904 2325 989 2382 saxa,

208 2418 359 2505 AEquoris
378 2418 412 2484 iu
430 2417 581 2482 scatebris
601 2415 655 2480 ubi
675 2414 779 2479 mollia
799 2415 913 2502 frigora
934 2423 1052 2501 captas.
1136 2481 1137 2488 ,

121 2522 123 2532 ⁴
209 2528 261 2592 Sic
283 2527 405 2615 Regina
421 2528 521 2612 jubet,
543 2535 647 2591 tecum
668 2525 735 2590 haec
756 2524 898 2589 viridaria
918 2524 990 2589 ludo
1024 2577 1033 2591 ,

209 2639 286 2718 Quae
307 2647 407 2703 terere
428 2647 460 2703 et
480 2638 587 2703 dulces
608 2625 753 2724 dignatur
775 2636 852 2701 inire
873 2619 1011 2701 choreas

208 2751 255 2812 At
277 2750 393 2837 bijugis
413 2758 501 2814 actos
522 2748 692 2834 pavonibus
712 2747 816 2832 aspice
837 2751 964 2812 currus!

210 2859 282 2944 Ipsa
303 2859 634 2945 veni„Dominamque
655 2858 717 2943 pio,
741 2849 831 2936 Diva,
854 2858 959 2944 accipe
980 2857 1076 2923 vultu.
1218 2892 1221 2906 ι

1028 2969 1064 3034 O.
1089 2967 1136 3034 M.
1220 2986 1221 2994 ¹

564 3105 764 3114 -—-——---

468 3310 637 3375 GAROLI
666 3310 881 3374 DELIOIAE.

126 3444 128 3525 ἶ
235 3450 390 3514 (isaccus
413 3469 485 3513 acer
504 3456 590 3512 amat
611 3447 758 3512 cerevisia
778 3447 858 3525 vina,
881 3469 1059 3534 merumque
1221 3515 1224 3563 q

127 3554 129 3611 l
275 3560 413 3637 Carolus,
436 3567 468 3622 et
490 3566 642 3644 quotquot
663 3557 755 3621 lert-ia
776 3565 808 3620 et
830 3559 891 3622 uda
912 3557 1022 3631 simul;

127 3674 130 3720 l
233 3670 362 3735 Carolus
383 3669 540 3756 egregiam
561 3668 816 3761 fonnosaqlronte
837 3668 979 3753 puellam,
1222 3674 1225 3723 Ι

128 3784 130 3823 ¹
277 3781 321 3844 Et
343 3781 475 3857 dulcem,
498 3787 533 3842 ut
554 3800 665 3843 succus
687 3799 779 3862 quem
799 3799 856 3842 sua
878 3800 976 3842 canna
997 3779 1088 3862 parit.
1222 3762 1226 3851 l

128 3862 545 3983 las*
1031 3856 1226 3951 uu!

129 4016 132 4104 l

749 4109 773 4117 ἡ
787 4111 796 4117 ,
810 4109 852 4116 --
862 4109 873 4115 -
881 4068 1225 4114 --.ψ--.ω-...Δ
