2796 4532
500 696 768 772 LECTORI
806 699 842 772 S.

250 1053 302 1118 Na
331 1052 460 1131 mireris,
496 1051 610 1118 Lector
641 1051 770 1132 emdite,
804 1051 888 1139 quod
918 1050 950 1116 in
978 1073 1045 1117 aevo
1073 1073 1175 1117 rerum

162 1179 284 1244 utilium
297 1181 398 1268 magis
411 1179 526 1267 sagaci,
544 1201 637 1266 quam
651 1186 900 1245 ornamentorum
913 1178 1062 1257 studioso,
1080 1202 1176 1246 novos

162 1310 311 1395 quosdam
326 1311 509 1374 ‘Musarum
522 1309 627 1374 foetus'
639 1308 740 1374 arusim
753 1329 941 1394 expromere,
956 1307 988 1372 id
1001 1308 1175 1373 accuratim

161 1438 282 1503 edoceri
304 1439 435 1504 fortasse
456 1460 518 1504 non
539 1437 726 1526 gravaberis.

248 1694 352 1776 Quum
374 1695 452 1780 jam,
478 1695 520 1759 ad
539 1694 719 1760 sublimiora
739 1693 843 1760 studia
864 1700 1001 1771 vocatus,
1026 1693 1067 1757 ab
1090 1692 1174 1766 Aca·

161 1821 264 1888 demia
287 1831 394 1887 nostra
418 1822 636 1902 discessissem,
664 1822 749 1887 venit
773 1821 848 1886 mibi
872 1821 906 1885 in
933 1829 1079 1899 mentem,
1105 1843 1173 1907 quae

162 1950 281 2023 calamo
307 1951 418 2016 Graeco
445 1958 501 2017 aut
527 1950 640 2016 Latino
665 1951 808 2028 luseram,
837 1949 1005 2015 subsecivis
1032 1949 1117 2014 horis
1141 1948 1175 2012 in

162 2077 343 2143 fasciculum
363 2100 459 2143 unum
480 2078 632 2167 colligere.
676 2079 751 2144 Huc
771 2097 928 2144 acoessere
949 2078 1090 2164 quaedam
1110 2099 1174 2143 non

163 2205 332 2270 invenustae
354 2205 543 2292 prolusiones
560 2227 666 2271 eorum
688 2205 799 2291 quibus
816 2203 1051 2271 familiarissime
1072 2226 1174 2270 versa-

162 2340 213 2398 tus
240 2356 330 2408 sum3
372 2355 469 2419 eaque
496 2333 601 2398 omnia
628 2333 740 2398 collata
767 2333 894 2398 tandem
923 2342 956 2397 et
984 2341 1171 2420 comparata,

124 2533 126 2560 ¹
161 2463 207 2527 ita
230 2461 308 2526 mihi
331 2461 517 2540 arridebant,
543 2468 579 2525 ut
603 2461 701 2526 oculis
724 2460 843 2526 viderer
865 2460 1002 2546 paternis
1025 2470 1173 2547 tanquam

161 2589 271 2654 filiolos
292 2611 378 2654 meos
398 2589 530 2665 intueri;
560 2589 684 2655 intuens
705 2598 820 2668 autem,
842 2612 916 2654 mox
937 2612 1080 2675 cuperem
1101 2613 1172 2656 ocu-

162 2717 209 2781 los
236 2717 373 2782 omnium
401 2717 560 2782 bominum
582 2718 614 2781 in
639 2719 764 2783 eosdem
782 2726 970 2783 convertere.
1006 2717 1172 2796 (laeterum,

161 2843 211 2908 his
232 2843 358 2908 vixdum
381 2845 549 2932 perpensis,
573 2853 665 2932 prout
687 2845 819 2931 plurima
840 2844 921 2909 vires
943 2844 1045 2909 eundo
1069 2846 1172 2932 acqui-

162 2980 244 3050 runt,
274 2993 343 3058 quae
366 2971 545 3052 somniaret,
567 2972 635 3038 aliis
660 2973 843 3059 quibusdam
869 2973 1175 3061 (lantabrigiensibus

162 3097 336 3183 impertitus
363 3119 443 3177 sum,
471 3105 505 3162 et
532 3097 681 3183 paulatim
708 3097 822 3162 auxilia
850 3097 883 3161 in
910 3119 944 3161 re
968 3097 1174 3163 audacissima

161 3224 338 3311 supplicavi.
383 3225 493 3311 Itaque
517 3225 601 3292 brevi
625 3234 763 3311 tempore
787 3225 891 3290 nescio
916 3245 985 3311 quae
1011 3223 1172 3290 Nasonum

163 3362 195 3419 et
226 3353 394 3419 Maronum
423 3361 456 3418 et
488 3354 656 3419 Poetarum
686 3353 885 3419 Scenicorum
909 3351 1023 3417 scrinia
1050 3375 1113 3418 non
1140 3352 1173 3416 in

162 3501 272 3546 manus
296 3502 382 3545 meas
406 3479 521 3546 fuerint
542 3480 658 3557 effirsa3
685 3480 757 3558 imo,
787 3502 827 3545 ne
851 3489 884 3545 te
905 3502 1016 3558 morer,
1043 3502 1080 3544 ea
1104 3489 1172 3546 erat

161 3607 372 3672 munificentia
404 3615 509 3672 vatum
542 3615 576 3672 et
611 3607 722 3672 Latine
755 3614 787 3672 et
821 3608 937 3676 Attice¹
962 3608 1171 3686 scribentium,
1219 3603 1223 3614 ''

161 3745 196 3800 ut
224 3736 257 3799 in
285 3735 442 3823 seligendo
471 3736 571 3823 magis
599 3757 691 3822 quam
720 3735 891 3822 colligendo
920 3757 1058 3800 summus
1086 3736 1172 3800 labor

161 3872 333 3930 constaret..

138 4110 152 4116 ψ
168 4110 511 4117 ——.--——---——
530 4113 563 4118 A...
