2774 4538
508 403 701 442 ARUNDINES
724 405 818 445 cam.

112 472 561 577 *ww-m...

112 594 115 647 1
201 621 300 707 Atqui
321 645 383 686 non
404 623 463 686 illis
484 647 586 689 rerum
608 636 814 706 monumenta,
837 651 893 692 nec
915 630 1032 714 amplas

244 739 404 825 Temporis
425 744 550 807 exuvias
571 744 719 810 evoluisse
741 747 848 809 datur:

112 922 114 931 ,
202 859 332 946 Frigida
354 861 526 946 Paupertas
544 885 712 953 generosos
732 864 849 949 expulit
870 865 967 952 ignee,

112 954 114 1005 3
243 977 489 1066 Compressitque
510 981 597 1068 pigro
619 983 711 1047 corda
732 983 910 1069 animosque
930 985 1011 1070 gelu.

200 1197 346 1275 Plurima,
369 1222 436 1285 quae
458 1223 526 1264 raro
548 1200 687 1286 splendet
708 1201 834 1288 fulgore,
857 1203 915 1265 sub
936 1201 1006 1265 imis

191 1307 195 1314 ’
243 1315 395 1381 Fontibus
416 1319 522 1382 oceani
543 1340 666 1405 gemma
687 1319 806 1405 sepulta
827 1319 921 1383 latet:

199 1435 354 1500 Plurimus
374 1437 497 1501 incultis
518 1437 720 1524 nequicquam
741 1438 877 1503 nascitur
897 1439 977 1502 arvis

242 1554 411 1634 Flosculus‚
435 1565 466 1620 et
487 1579 616 1620 vacuum
640 1558 771 1642 complet
787 1557 885 1621 'odore
906 1579 1024 1623 nemus.

198 1784 280 1863 Hac,
302 1785 480 1872 indignatus
500 1765 589 1851 ruris
601 1788 673 1850 dare
695 1786 772 1851 colla
792 1795 933 1872 tyranno,

240 1903 357 1968 Brutus
377 1905 410 1967 in
432 1906 562 1970 obseura
583 1907 713 1969 dormiat
734 1907 812 1970 alter
832 1905 946 1983 humo;

106 2026 108 2035 ⁴
199 2021 320 2085 Inscius
341 2022 391 2087 hic
412 2023 538 2088 citharae
561 2024 708 2110 Nasoque
727 2024 875 2110 inglorius
896 2025 961 2102 aevi,

86 2425 105 2453 Α
197 2367 376 2452 Imperitare
397 2368 501 2432 animo
522 2367 683 2454 pendentis
704 2368 743 2431 ab
765 2388 817 2432 ore
838 2375 973 2445 senatus,

238 2486 388 2551 Temnere
408 2509 567 2572 paenamm
587 2487 701 2550 damna
719 2507 886 2573 gravesque
907 2485 1017 2566 minas

196 2605 258 2669 Per
277 2613 386 2692 gentes
406 2606 496 2690 pleno
518 2605 685 2670 diffimdere
706 2626 834 2669 munera
853 2628 959 2683 comu,

238 2724 282 2788 Et
303 2725 395 2789 scribi
416 2725 449 2788 in
469 2724 572 2810 populi
593 2724 737 2788 vultubus
758 2723 841 2788 urbis
861 2746 957 2801 amor,
977 2778 980 2787 .

195 2951 285 3015 Sorte
306 2960 451 3038 negatum
472 2952 640 3030 illis-mee,
664 2974 733 3037 quae
753 2952 917 3018 virtutibus
937 2964 1041 3019 essent

238 3069 355 3148 Invida,
378 3072 521 3157 nequitiae
546 3070 627 3134 Fata
648 3069 759 3135 dedere
780 3071 879 3135 riam:

194 3188 256 3252 Sed
276 3198 398 3255 vetuere
419 3190 513 3254 armis
533 3190 613 3253 male
633 3198 723 3274 parta
744 3211 902 3274 capessere
923 3213 1028 3280 regna,

237 3307 281 3370 Et
301 3308 406 3394 generi
427 3308 556 3373 exitium
578 3308 779 3393 deproperare
799 3330 875 3383 suo;

1197 1252 1201 1397 l

1197 1428 1201 1483 p

1196 1534 1201 1765 l

1195 1800 1200 1901 l

240 2140 307 2204 Nee
329 2142 435 2225 patriae
457 2150 610 2206 temerans
631 2142 747 2206 foedera
768 2142 872 2206 Oaesar
892 2165 989 2228 aquae.
1194 2081 1198 2199 l

672 2249 676 2259 '
1193 2238 1197 2353 l

1192 2402 1196 2475 l

1193 2736 1195 2779 l

1191 2818 1195 2939 3

1191 3002 1195 3071 l

1190 3121 1195 3213 l

1189 3216 1194 3334 l

1191 3335 1193 3395 l

1127 3499 1128 3504 a
1190 3400 1213 3495 l

191 3537 330 3601 Condere
351 3537 486 3601 sinceros
507 3537 624 3623 agitato
645 3537 677 3599 in
697 3543 821 3622 pectore
843 3546 955 3616 motus,
1057 3567 1059 3572 ·

102 3674 103 3709 l
235 3655 359 3719 Luctari
380 3656 538 3743 ingenuus
552 3676 591 3718 ne
612 3657 705 3719 rubor
725 3677 778 3720 ora
799 3664 895 3733 notet,

100 3766 104 3841 l
191 3775 259 3838 Aut
280 3775 358 3839 ferre
378 3775 419 3838 ad
439 3774 550 3838 tumidi
572 3775 726 3839 cumulata
747 3775 855 3840 altaria
875 3776 965 3840 luxus

100 3860 103 3961 l
234 3895 297 3959 Pro
319 3895 435 3979 pudor!
462 3893 556 3957 Aonii
578 3894 687 3957 thurea
709 3893 790 3956 dona
810 3894 905 3959 chori.
942 3953 944 3958 .
