2774 4538
137 230 551 239 ——.--,.-—-———.--....-
560 229 566 234 -

507 319 702 367 'unonnruus
726 327 821 367 esur.

128 410 187 467 p--
221 443 226 448 ,.
249 443 602 450 „mmm-..m-
611 441 713 448 ,..-.-.
727 439 945 448 „ffl-..W-
957 440 974 446 -
989 441 1007 448 ,

203 555 377 641 Suppositis
399 554 520 640 quoties
540 556 722 618 resecabant
743 553 872 618 falcibus
892 575 973 630 arva,
1005 529 1010 536 ⁹

244 675 349 738 Scissa
369 675 455 761 gravi
477 675 597 760 quoties
618 695 740 738 vomere
760 672 851 759 gleba
871 672 947 734 luit:

127 776 128 807 ¹
202 794 250 857 Ut
271 794 335 858 laeti
356 793 389 857 in
407 801 517 858 tonsas
534 796 676 881 jumenta
697 813 788 879 egere
810 791 942 866 novales,

244 913 312 994 Quo
333 913 413 976 ferro
434 913 467 976 in
487 913 580 998 sylvis
600 914 787 997 procubuere
808 913 931 975 trabes!

200 1131 340 1196 Ambitio
364 1153 454 1195 curas
475 1154 513 1196 ne
534 1131 718 1218 dedignetur
738 1131 893 1208 honestas,

242 1250 374 1336 Otiaque
396 1251 510 1337 ignotis
532 1250 616 1314 baud
636 1251 738 1315 aliena
758 1251 854 1326 locis;

199 1363 266 1433 Nec
287 1378 374 1434 torvo
396 1369 532 1455 excipiat
553 1377 714 1435 contracta
735 1370 886 1455 Superbia
907 1370 970 1433 risu

124 1495 125 1523 ¹
242 1489 393 1575 Pauperis
412 1489 583 1568 historiam,
606 1489 647 1553 sit
668 1490 769 1554 brevis
789 1489 851 1566 illa,
874 1489 980 1580 domi„

123 1772 124 1786 ,
198 1717 370 1781 Stemmata
390 1718 483 1804 longa
504 1726 636 1804 patrum,
659 1740 840 1805 magnaeque
861 1717 1000 1803 potentia
1022 1718 1121 1794 famae,

122 1852 124 1914 ς
240 1837 392 1922 Quicquid
412 1838 512 1900 lorma
531 1844 635 1922 potest
655 1837 778 1915 addere,
801 1837 945 1922 quicquid
966 1857 1050 1921 opes,

36 2041 40 2048 .
197 1956 373 2042 Expectant
393 1957 508 2042 pariter
528 1978 590 2022 non
611 1956 753 2022 evitabile
773 1965 939 2043 tempus-

121 2065 124 2115 l
239 2076 364 2142 Scilicet
385 2078 425 2142 ad
446 2077 599 2141 tumulum
620 2077 707 2142 ducit
729 2077 868 2141 Honoris
889 2077 957 2141 iter.

102 2320 122 2339 ‘¹
196 2304 262 2368 Nec
283 2325 348 2382 vos,
370 2328 389 2369 o
411 2327 553 2391 proceres
573 2305 733 2391 phalerati,
756 2305 788 2369 id
809 2305 919 2370 vertite
941 2305 1047 2391 culpae,

120 2396 122 2404 ,
238 2423 327 2504 Quod
349 2424 457 2488 Pietas
478 2425 537 2488 illis
557 2425 640 2488 nulla
661 2433 778 2510 tropaea
798 2425 889 2502 locat,

120 2519 121 2531 ἵ
193 2543 264 2622 Qua
284 2564 339 2627 per
358 2544 514 2629 magnifici
534 2544 687 2629 laquearia
709 2545 827 2608 daedala
847 2543 953 2628 templi

120 2728 121 2749 ,
236 2661 463 2725 Grandisonum
483 2664 607 2727 volvunt
628 2685 743 2751 organa
764 2664 851 2750 pulsa
867 2657 977 2727 melos.
1207 2679 1211 2756 if

193 2890 276 2971 Quid
296 2890 387 2968 tituli,
410 2891 483 2976 quid
503 2892 623 2977 sculpta
640 2894 791 2978 juvabunt
811 2895 983 2957 marmora?
1004 2891 1148 2955 membris

236 3010 290 3073 An
311 3031 379 3074 sese
399 3009 534 3074 insinuet
555 3011 681 3096 spiritus
701 3019 768 3075 arte
789 3011 906 3075 redux?

118 3132 119 3157 ¹
194 3129 300 3194 Gloria
320 3151 394 3192 num
415 3129 526 3194 tacitas
547 3131 715 3196 exsuscitet
737 3152 789 3195 ore
809 3130 946 3194 favillas?

236 3248 321 3311 Num
343 3249 484 3336 Stygium
504 3258 636 3336 tangant
656 3250 760 3316 mollia
780 3251 872 3314 verba
895 3250 1017 3314 Deum?

194 3478 339 3542 Forsitan
359 3478 418 3543 bae
439 3479 532 3543 etiam
553 3479 693 3566 neglecta
714 3479 839 3543 insede
860 3479 1018 3565 quiescant

118 3639 119 3646 κ
235 3596 312 3677 Quae
334 3597 412 3661 coelo
433 3596 555 3660 luerent
575 3606 701 3683 pectora
722 3598 798 3661 foeta
819 3619 895 3673 suo;

191 3715 339 3794 Dextera,
362 3739 430 3802 quae
451 3717 617 3781 indomitos
638 3716 807 3780 domuisset
828 3717 925 3780 inulta
946 3716 1122 3790 Britannos,

234 3835 296 3899 Vel
317 3843 438 3920 poterat
458 3835 557 3899 vivam
578 3834 747 3899 solicitasse
768 3835 875 3919 lyram.

124 4058 279 4068 W—
288 4062 344 4069 ——nm
349 4063 446 4072 una-...-
450 4059 793 4072 *mm-mma·—
