2774 4538
91 400 114 451 ,ρ
495 351 688 460 suunnrnns
712 391 806 433 aaut.
1094 369 1152 432 151

91 606 113 707 s
194 617 371 681 Ambitione
393 617 496 702 procul
517 639 630 681 vesana
650 624 683 680 et
703 615 757 680 lite
778 615 900 691 lorensi,
1196 600 1200 677 Ι
1248 613 1256 626 ”

233 738 368 823 Quisque
389 760 479 801 snum
500 737 618 822 placide
639 737 820 806 conficiebat
841 736 917 800 iter:

69 887 71 892 ·
192 855 252 919 Per
272 857 344 920 vitae
364 858 512 942 ambages
532 864 638 942 gratas
658 855 698 918 in.
712 854 789 918 valle
810 855 936 918 reducta

231 975 405 1060 Carpebant
426 977 539 1040 tacitos
559 998 596 1040 ae
618 975 683 1040 sine
704 976 772 1040 labe
794 974 869 1038 dies.

92 1228 96 1237 ¹
191 1198 269 1264 Haec
291 1208 395 1262 tamen
417 1208 452 1263 nt
472 1199 603 1283 pedibus
624 1169 687 1262 sint
708 1220 779 1262 ossa
800 1197 918 1262 intacta
939 1196 1085 1282 profanis,
1194 1166 1197 1177 ι

91 1374 97 1385 .
231 1317 260 1381 Ε
282 1317 384 1404 fragili
405 1339 481 1382 saxo
502 1318 620 1382 tollitur
640 1339 718 1381 urna
739 1339 865 1393 memor,
1194 1302 1196 1311 ι
1288 1299 1291 1308 ’

189 1436 265 1515 Quae
287 1458 376 1500 versu
398 1436 520 1521 illepido
541 1435 728 1521 sculptisqne
748 1435 815 1498 sine
836 1441 902 1498 arte
923 1433 1029 1519 liguris

230 1556 320 1643 Saepe
341 1558 490 1621 viatorem
510 1558 629 1634 sistere,
651 1556 724 1620 flere
745 1564 859 1619 monet.

129 1833 131 1838 κ
190 1788 285 1852 Musa
305 1789 390 1853 rudis
411 1789 515 1876 signat
537 1811 605 1874 quae
626 1789 760 1866 nomina,
784 1795 943 1873 computat
964 1809 1070 1866 annos,

113 1918 114 1927 ’
230 1908 383 1992 Quicquid
403 1907 502 1972 landis
523 1915 615 1994 egent
636 1907 831 1994 suppeditare
852 1907 952 1980 valet;

187 2028 354 2112 Aureaque
375 2028 528 2112 excerpsit
542 2001 669 2092 ¹sacrato
690 2049 709 2089 e
730 2027 834 2092 codice
855 2026 947 2105 dicta,

231 2147 307 2227 Quae
329 2146 461 2211 doceant
483 2147 556 2232 quid
577 2146 747 2223 advivere,
770 2145 903 2232 quidque
924 2145 1012 2210 mori.

188 2377 270 2442 Nam
291 2377 361 2463 quis
380 2347 611 2463 pervigilispsio
632 2375 792 2438 immemor
813 2397 910 2462 usque
931 2375 1074 2460 priorum,
1189 2366 1194 2457 ξ

229 2496 366 2562 Delicias
387 2495 497 2559 animoe
518 2493 695 2579 deposuisse
716 2493 808 2557 velitl

90 2586 96 2649 l
190 2615 303 2700 Ecquis
324 2613 459 2678 deseruit
479 2614 558 2678 laetae
579 2612 711 2677 confinia
724 2613 818 2690 lucis,

230 2734 296 2798 Nee
317 2733 389 2797 tulit
409 2733 449 2797 ad
471 2755 597 2818 superas
618 2753 672 2796 ora
692 2732 805 2797 reflexa
825 2719 952 2820 plagas!

111 3043 112 3050 ἵ
188 2967 262 3030 Sese
283 2967 386 3030 anima
406 2966 438 3028 in
459 2965 610 3052 gremium
631 2963 760 3050 fugitiva
780 2972 918 3050 receptat
938 2965 1081 3044 amicum,

230 3086 351 3151 Ultima
371 3055 590 3170 lachrymulam
610 3082 731 3170 flagitat
751 3082 828 3146 hora
848 3084 948 3169 piam:

111 3225 112 3233 ¹
189 3188 250 3268 Vel
270 3203 309 3267 de
329 3203 414 3268 ferali
436 3203 548 3267 elamat
571 3195 690 3266 Natura
710 3202 879 3286 sepulchro,

111 3384 113 3395 ,
190 3405 193 3412 ,
230 3323 292 3387 Vel
312 3323 392 3387 calet
413 3323 516 3387 effoeto
537 3321 590 3384 fax
611 3320 743 3385 rediviva
763 3324 858 3408 rogo!

129 3527 131 3536 ‚
188 3549 334 3626 Tenem,
357 3569 523 3613 memorem
543 3550 641 3612 turbae
662 3549 728 3612 sine
749 3548 864 3613 honore
880 3549 1023 3632 jacentis,

229 3665 328 3746 Quem
346 3666 434 3750 juvat
455 3664 576 3729 inflatas
596 3665 642 3729 sic
664 3665 805 3734 retulisse
825 3666 918 3744 vices,

90 3838 95 3853 ,
188 3783 221 3845 Si
242 3791 274 3847 te
295 3783 374 3846 sorte
395 3782 511 3858 dolens,
533 3781 635 3847 animo
656 3783 716 3846 hnc
737 3785 912 3868 compulsus
931 3785 1049 3861 codem,

90 3920 96 3989 g
228 3896 368 3973 Aduena„
391 3895 459 3981 quae
480 3895 592 3959 luerint
612 3905 644 3962 et
664 3904 719 3960 tua
739 3897 812 3974 fata,
835 3904 938 3982 petat:
