2774 4538
108 253 480 262 r——A-——qmn—
501 257 542 261 ..-
558 255 627 261 —-.
643 253 695 260 ...a
705 253 1025 262 ---..--..--—----....
1046 253 1053 258 .
1069 253 1197 260 —-...-——.

499 348 692 387 auricomas
716 347 810 386 crui.
1121 320 1162 385 77

412 756 599 821 SAMSON
629 754 897 820 AGONISTES.

109 961 111 986 ,
153 909 260 973 Timr
285 931 343 974 neo
365 910 516 994 lacrymas
537 918 690 986 moveant,
713 930 813 993 neque
834 907 968 993 pectoris
989 929 1107 994 aegmm

153 1027 230 1091 Cum
247 1028 367 1114 gemitu
385 1027 562 1112 planctum:
586 1049 686 1113 neque
704 1036 795 1111 turpe
812 1034 867 1090 aut
884 1024 984 1090 debile
1001 1026 1164 1111 quicquam

110 1119 112 1126 Ι
155 1147 221 1212 Aut
242 1148 389 1212 miserum
411 1147 519 1222 video;
551 1147 607 1210 sed
627 1145 763 1232 pulchrae
784 1145 883 1232 gloria
904 1144 1023 1222 mortis,

110 1328 112 1338 ι
154 1267 215 1332 Sed
235 1268 341 1343 decus,
364 1275 397 1330 et
418 1266 516 1331 nostri
538 1276 686 1352 superant
706 1265 819 1330 solatia
839 1266 951 1330 luctus.

156 1388 235 1468 Quin
257 1386 397 1474 agimus:
422 1407 476 1450 vos
497 1387 615 1452 foedum
636 1386 741 1451 hostili
763 1387 847 1451 caede
869 1386 999 1450 cadaver

156 1507 300 1588 Quaerite,
324 1515 561 1591 concretumque
582 1505 687 1570 herbis
708 1506 852 1592 purisque
874 1527 1013 1570 cruorem

157 1627 311 1690 Fontibus
331 1625 458 1691 abluite.
504 1626 628 1690 Interea
648 1626 726 1689 mihi
745 1648 822 1690 cura
842 1625 1029 1710 propinquos

156 1747 392 1833 Gonglomerare
414 1767 510 1822 meos,
535 1750 649 1832 (neque
669 1745 754 1809 enim
771 1747 838 1829 jam
861 1746 946 1809 Gaza
967 1746 1104 1810 volentes
1207 1742 1209 1761 “

110 1841 113 1892 ³
158 1865 319 1952 Impedit)
343 1873 375 1929 et
396 1866 487 1951 pleno
509 1865 693 1930 comitantes
712 1865 838 1951 agmine
859 1865 995 1940 amicos;

158 1988 217 2070 Qui
239 1987 357 2073 patrias
378 1987 474 2063 illum,
497 1985 672 2049 deflendum
693 1985 795 2063 funus,
817 1987 858 2050 ad
879 1986 966 2050 aulas

112 2087 115 2111 ι
159 2106 301 2171 Solennis
322 2106 457 2170 referant
477 2127 533 2188 per
550 2105 637 2189 justa
656 2104 781 2169 silentia
801 2127 933 2190 pompae.

160 2226 237 2290 Mox
259 2225 355 2290 etiam
375 2225 463 2289 lauro
484 2223 607 2310 cingam
628 2233 829 2289 monumenta
850 2225 977 2310 perenni

160 2341 231 2409 Hac
253 2350 413 2407 exstructa
433 2363 537 2419 manu,
560 2342 726 2428 patuloque
748 2351 865 2428 tropaea
886 2344 944 2407 sub
965 2344 1075 2430 umbra

113 2449 116 2522 ἕ
160 2464 346 2528 Pendebunt
367 2462 493 2548 platani,
517 2483 709 2548 quaecunque
730 2485 749 2526 a
774 2462 878 2526 Marte
899 2461 1093 2546 triumphans

113 2635 115 2685 ;
160 2585 321 2658 Abstulit3
352 2583 576 2669 inscriptasque
597 2582 654 2646 viri
676 2583 768 2668 longo
790 2581 896 2647 ordine
918 2583 1016 2658 dotes,

115 2746 117 2755 ,
162 2703 222 2768 Vel
243 2702 329 2788 lyrici
351 2702 429 2764 mira
450 2723 564 2786 ponam
585 2700 745 2764 dulcedine
767 2709 887 2764 cantus.

115 2905 116 2914 ἵ
163 2823 242 2888 Haec
264 2823 420 2887 celebrent
442 2822 515 2884 olim
537 2821 626 2884 fortis
647 2827 847 2883 monumenta
865 2822 1020 2904 juventus,

113 2981 115 3024 ,
161 2944 402 3027 Accendentque
424 2941 553 3017 animos,
577 2949 611 3004 ut
633 2948 722 3004 tanta
743 2939 884 3025 exempla
905 2927 1041 3004 coientes

115 3113 116 3121 r
164 3063 311 3128 Protinus
332 3061 475 3147 intrepidi
497 3069 614 3125 sanctae
635 3059 760 3146 fastigia
781 3061 871 3124 famae

113 3232 114 3251 r
163 3183 320 3248 Affeotent
342 3182 456 3246 virtute
477 3203 576 3255 nova;
607 3179 755 3264 festisque
778 3179 886 3244 diebus

113 3330 117 3393 ἢ
164 3301 276 3366 Florea
297 3300 442 3388 virgineae
463 3299 592 3364 fundent
614 3299 656 3363 ibi
678 3307 762 3362 serta
783 3307 924 3376 caterva,

115 3423 117 3430 ⁸
165 3421 318 3506 Laevaque
339 3421 503 3505 plorabunt
524 3418 674 3505 hymenaei
696 3418 761 3482 fata
782 3427 909 3483 catenas

113 3535 117 3596 3
163 3542 305 3605 Artubus
326 3539 490 3604 immisisse
511 3560 630 3624 graves,
653 3538 810 3624 oculisque
830 3539 985 3603 tenebras.
