2760 4546
505 366 698 406 ABUNDINES
722 367 817 408 cnm.

430 649 620 716 MOLOOH
653 649 902 734 LOQUITUR.

204 817 317 881 Bmm
339 817 463 903 pleeent
482 821 590 887 nobis:
620 822 709 886 nobis
729 843 781 886 ars
802 821 893 886 uniee
913 820 1036 896 bellum,

206 955 272 1020 Nee
292 954 394 1041 plures
415 955 563 1022 didicisse·
578 956 664 1022 volo:
695 957 806 1043 quibus
826 957 910 1035 utile,
934 978 1033 1022 eaeees

206 1091 331 1156 Consilii
351 1093 499 1180 ambages
516 1093 636 1178 jactent
656 1099 814 1178 artemque
835 1101 1011 1179 sequentur.

205 1227 276 1292 Non
296 1227 356 1292 hoe
377 1229 438 1292 istu
458 1228 517 1292 sibi
537 1236 662 1313 tempus
682 1229 839 1294 molimina
858 1230 977 1314 poseit;

206 1362 287 1428 Nam
308 1364 382 1428 dum
403 1364 531 1450 quisque
552 1364 639 1429 dolos
658 1363 738 1429 texit
758 1364 841 1428 valer
861 1371 955 1450 atque
975 1364 1096 1439 retexit,

206 1499 272 1564 En!
303 1499 381 1566 ooelo
402 1502 540 1588 prolugae
560 1508 646 1566 stant
667 1500 782 1566 oireum
802 1501 884 1566 mille
905 1501 1056 1578 cohortes,

205 1637 404 1724 Armatisque
423 1638 557 1702 fremunt
578 1637 703 1716 dextris,
726 1643 758 1702 et
779 1637 867 1724 signa
888 1645 1051 1724 reposcunt

207 1772 381 1860 Expectata
401 1774 463 1852 diu,
486 1775 512 1838 si
534 1774 656 1860 quando
676 1772 781 1838 limine
802 1774 872 1839 eoeli

207 1907 390 1994 Aspioiant:
419 1910 516 1974 nostri
537 1909 654 1974 interea
674 1909 834 1996 nigrantis
847 1908 943 1974 lustra

208 2043 338 2111 Sedibus
357 2046 473 2132 optatis
492 2046 627 2131 loedique
648 2045 809 2132 opprobria
829 2054 951 2112 mutant

112 2193 116 2282 ’ἡ
209 2180 357 2259 Carceris,
378 2189 472 2268 atque
492 2183 544 2246 alii
566 2183 691 2247 tradunt
711 2203 769 2249 suo
789 2205 885 2270 regnu
905 2184 1063 2248 morundo.

113 2328 115 2350 ¹
209 2317 290 2399 Quin
310 2318 413 2404 potius
433 2317 565 2382 flammis
587 2318 682 2382 Erebi
703 2339 845 2404 eaeooque
867 2318 968 2384 lurore

209 2453 331 2518 Armati
352 2453 443 2518 simul
463 2454 615 2532 irruimus,
637 2477 786 2542 cursuque
806 2475 861 2539 per
881 2475 972 2518 auras

114 2620 115 2660 i
210 2590 365 2677 Praeeipiti
385 2613 521 2656 summas
542 2591 611 2656 coeli
631 2593 840 2678 superavimus
860 2613 956 2670 arose,

114 2772 116 2790 ι
210 2726 401 2813 Torquentes
421 2749 502 2791 nova
521 2727 584 2791 tela
604 2749 697 2791 manu
718 2735 930 2814 tormentoque
950 2729 991 2792 ab
1011 2727 1078 2814 ipso

114 2886 117 2917 r
211 2863 339 2940 Addita,
360 2871 393 2927 et
414 2863 446 2927 in
467 2863 579 2930 eoelum
601 2863 670 2929 ooeli
693 2865 897 2930 convertimus
918 2865 990 2929 iras.

112 3006 118 3087 ’ζ
210 2997 328 3062 Audiet
348 2997 398 3062 ille
418 3020 508 3062 suum
528 2999 570 3062 ed
589 2998 703 3063 fulmen
724 2999 882 3064 reboantia
903 3021 997 3086 regna

117 3166 118 3175 κ
213 3134 337 3199 Inferno
357 3134 485 3212 tonitru,
507 3156 564 3199 nee
585 3143 700 3199 nostrae
720 3135 841 3222 fulgura
861 3143 972 3201 turmae

156 3271 387 3346 Defuerint3
410 3278 499 3335 tanto
519 3269 642 3334 fremitu
663 3271 747 3334 furor
767 3281 886 3337 evomet
906 3281 991 3338 atros

118 3538 120 3548 ’
214 3541 334 3607 Sulfure
355 3541 504 3606 Tartareo
524 3549 557 3606 et
577 3541 671 3627 pieeae
692 3541 821 3629 ealigine
842 3544 941 3621 nubis,

214 3679 420 3766 Effundetque
439 3699 534 3742 novus
554 3676 703 3754 flammas,
725 3678 849 3744 inventu
868 3681 1000 3765 tyranni

914 4142 916 4145 1
124 3818 1214 4106 Μᾚ

94 3441 95 3446 1
213 3407 299 3472 Inter
318 3405 502 3472 eoeliooles
492 3427 589 3492 ignes,
611 3406 780 3493 soliumque
800 3408 929 3494 replebit
1209 3352 1224 3591 ἰ

1210 3646 1214 3761 l

1210 3750 1214 3848 l
