2774 4538
502 309 696 350 auunculus
725 306 819 349 CAMl.

530 537 792 604 RUBEOULA.
911 583 914 588 -

307 677 452 742 Inurum
475 700 575 743 saevus
597 678 722 756 Boreas,
744 676 888 763 nivesque

306 789 382 852 Jam
402 809 457 874 per
477 789 631 875 algentem
652 784 861 874 glomerantur
880 808 1006 862 auram3

308 900 457 986 Tempore
478 899 537 962 hoe
556 898 639 962 tristi
660 899 717 962 tibi
738 919 809 964 cara
831 897 913 984 quid,
935 897 1000 961 Ru-

779 1010 896 1086 becula,
918 1009 992 1072 fiet!

305 1198 426 1263 Horreo
448 1207 483 1263 tu
503 1199 669 1264 stramineo
690 1200 820 1277 sedebis,

307 1309 351 1372 Et
371 1309 418 1374 vel
438 1309 567 1374 hiberna
586 1310 685 1396 glacie
706 1311 861 1375 calescens

289 1410 404 1486 'Dulce
426 1423 483 1484 sub
504 1443 605 1506 penna
626 1430 718 1507 caput
739 1445 835 1509 usque
856 1431 901 1501 tu,
925 1425 987 1490 Ru·

772 1534 888 1612 becula,
912 1537 1036 1602 condes.

555 1748 752 1758 ———-m-.

109 1970 115 2065 q
353 1911 573 1986 NOSTRUM
606 1911 749 1976 ILLUD
781 1913 970 1979 VIVERE.

1011 1647 1118 1712 RH.
1224 1748 1227 1763 ν

114 2077 115 2086 ’
214 2047 307 2112 Ecce
328 2049 419 2112 modo
441 2047 678 2113 infantem-sic
700 2047 755 2112 Dii
776 2048 897 2112 voluere
917 2049 1086 2136 benigni-
1222 2072 1223 2081 ¹

111 2137 115 2228 l
261 2157 402 2222 Gaudeat
424 2167 459 2222 ut
481 2159 606 2237 mutale,
628 2159 775 2223 stramine
796 2168 906 2245 eaptus
926 2160 1008 2225 hiet!

217 2268 330 2333 Acrior
351 2269 484 2334 oblectat
502 2269 648 2355 juvenilia
668 2278 794 2355 pectora
813 2271 913 2348 ludus,

132 2423 135 2428 -
262 2380 376 2458 Aucto,
399 2380 453 2444 sed
474 2358 591 2466 pariter
609 2381 704 2445 futilis
725 2381 785 2459 ille,
808 2403 903 2456 sono;

215 2491 398 2578 Aurumque
419 2501 451 2557 et
472 2514 632 2577 procerum
653 2493 795 2578 phaleras
816 2493 965 2557 maturior
984 2500 1072 2570 aetas,

262 2602 391 2667 Votivas
412 2602 549 2687 sequitur
569 2603 660 2667 balba
680 2612 806 2668 senecta
827 2625 938 2668 nuces:

217 2711 307 2777 Idem
326 2733 414 2778 amor
433 2713 483 2776 his
504 2713 604 2800 nugis,
626 2713 769 2800 idemque
789 2715 918 2779 recrurit
939 2714 971 2801 iu
993 2714 1070 2780 illis:

260 2823 345 2888 Dum
366 2825 479 2888 dormit
500 2825 571 2889 ludo
593 2824 702 2901 fessus,
724 2825 863 2890 etexit
884 2827 987 2891 homo.

550 3061 747 3075 m

463 3235 671 3301 PISTORIS
701 3235 838 3300 PUER.

237 3373 394 3437 Prsroun
416 3395 501 3458 puer,
526 3373 554 3436 0
576 3371 698 3436 dulcem
719 3372 795 3435 mihi
816 3372 912 3436 tunde
932 3371 1073 3436 farinam,

172 3481 174 3484 ’
279 3483 349 3547 lmo
369 3483 464 3546 etiam
485 3483 593 3567 rapida
613 3503 663 3546 res
683 3481 743 3546 erit
763 3489 835 3546 acta
855 3501 960 3546 manu.

237 3594 357 3679 Punge
369 3593 514 3656 decenter
534 3613 604 3669 acu,
626 3591 776 3678 tituloque
798 3591 930 3656 inscribe
950 3589 1112 3678 magistri3
1218 3615 1222 3648 r

187 3735 188 3738 ¹
214 3711 218 3717 ’
279 3704 330 3769 Sic
352 3701 439 3780 mihi,
460 3702 507 3766 sic
529 3701 639 3768 (larolo
661 3701 772 3768 serviet
793 3701 845 3765 illa
865 3723 945 3768 meo.

1006 2945 1052 3010 H.
1075 2947 1117 3012 D.
1219 2999 1222 3054 ἦ

1217 3531 1222 3626 l

1218 3649 1222 3725 l
