2760 4546
103 483 171 490 .----,
221 485 296 492 --—--
327 486 384 490 --...
401 485 530 490 -—.—-

491 375 685 416 uuuuornns
709 375 804 416 cunr.
1090 350 1147 412 191
1199 306 1202 403 i

147 631 272 696 Daedcla
293 629 462 694 tunduntur
482 630 573 694 flores
593 631 735 695 examina
756 631 880 708 circum,

186 769 334 854 Laeteque
355 767 533 832 melliferam
555 768 778 853 depopulantur
799 767 945 842 humum3

97 977 100 982 ¹
146 903 252 990 Aliger
272 902 323 966 hic
344 901 432 966 miles
452 901 566 988 liquido
587 903 708 968 fluitare
728 905 787 968 sub
807 911 896 981 aestu,

186 1039 243 1102 llle
264 1046 348 1102 emat
368 1038 401 1100 in
422 1059 543 1102 summa
564 1037 668 1112 ludere
688 1038 783 1102 sontis
803 1059 904 1124 aqum

145 1177 249 1260 Atque
270 1173 358 1249 clius,
381 1173 511 1238 volitans
532 1195 624 1260 super
645 1174 760 1239 aethera
780 1181 916 1261 praepete
937 1195 1038 1249 cursu,

185 1310 330 1395 corporis
351 1310 486 1375 ostendit
507 1309 698 1376 versicoloris
720 1333 803 1397 opes.

146 1496 204 1577 Qui
226 1497 305 1560 bene
328 1496 499 1582 composita
517 1503 640 1582 spectat
661 1496 803 1562 mortalia
823 1504 936 1572 mente,

98 1663 99 1668 ¹
189 1633 255 1697 Sub
275 1633 400 1718 paribus
421 1633 517 1697 sentit
538 1632 657 1718 legibus
677 1654 746 1697 esse
766 1633 866 1696 viros:

147 1769 206 1851 Qui
228 1769 372 1833 cohibent
392 1789 517 1854 gressus
538 1777 570 1832 et
592 1768 644 1853 qui
666 1767 800 1832 velocius
821 1753 942 1854 urgent,

189 1905 243 1968 Ad
264 1913 388 1980 metam,
411 1903 502 1968 inodo
524 1925 617 1990 quem
638 1904 808 1981 deseruere,
830 1903 944 1968 volout.

150 2041 239 2105 Sorte
260 2040 360 2105 nitent
381 2039 474 2117 varia,
497 2041 562 2104 fato
584 2047 762 2104 sternuntur
783 2039 901 2118 eodem,

191 2177 252 2258 Qui
273 2175 410 2261 sequitur
431 2175 502 2240 vitae
522 2175 644 2263 gaudie,
667 2177 779 2262 quique
800 2177 900 2264 fugit3

150 2312 337 2398 Quocunque
358 2319 482 2396 ereptus
503 2333 587 2391 casu,
608 2313 666 2376 sub
687 2313 810 2410 pulvere
832 2281 966 2377 donnit'

193 2448 310 2527 Pulvis,
331 2456 364 2513 et
384 2448 460 2513 aerii
481 2448 655 2513 conticuere
677 2448 773 2513 chori.

151 2635 247 2712 Forte
268 2635 377 2722 aliquis
398 2636 448 2700 cui
470 2655 543 2700 cura
560 2634 634 2720 joci,
656 2635 706 2700 cui
726 2635 830 2700 ludere
852 2634 936 2698 cordi
957 2641 1014 2711 est,

194 2771 298 2862 ‘Quid
319 2771 437 2849 melino,
459 2778 581 2835 tentum
603 2770 656 2856 qui
677 2770 780 2856 supis',
803 2769 911 2855 inquit,
936 2769 1079 2834 ‘hebesi'

153 2909 244 2973 Solus
265 2930 308 2985 es,
331 2916 363 2973 et
384 2907 467 2971 nulle
488 2915 536 2972 est
557 2907 606 2972 cui
624 2905 738 2994 jungas
760 2905 863 2971 oscula
884 2907 1015 2990 conjux3

195 3044 288 3109 Nullo
308 3045 427 3121 domus,
449 3044 580 3130 liquidas
601 3066 670 3130 quae
690 3043 747 3107 tibi
770 3043 883 3107 condet
904 3064 987 3128 opes,

153 3181 225 3245 Non
245 3188 301 3244 tua
321 3202 376 3264 per
397 3180 507 3245 coelum
530 3181 629 3264 pictos
649 3179 709 3243 fert
730 3179 780 3242 alu
800 3179 926 3256 coloreo,

197 3317 342 3380 Maturus
362 3316 453 3402 periit
474 3315 531 3379 flos
552 3323 625 3380 tuus
645 3322 718 3378 autc
738 3313 839 3378 diem:

154 3454 207 3519 Sol
229 3453 285 3518 tibi
306 3452 467 3526 discessit;
492 3451 602 3516 cecidit
622 3451 680 3514 tibi
701 3449 798 3536 gloria
818 3449 940 3515 veris—

198 3589 265 3654 Nos
286 3589 441 3675 sequimur
462 3596 593 3663 nostros,
616 3588 688 3651 dum
710 3586 783 3650 sinit
804 3588 890 3664 hora,
909 3588 1009 3671 jocos,

864 3771 1115 3870 nen
1199 3733 1202 3829 ἐ
