2774 4538
530 355 725 396 Auunnruns
748 354 843 396 caut.

118 416 121 465 Ι

118 468 121 641 Ι
355 579 455 644 Deme
475 588 551 666 quot
571 602 674 645 rerum
694 578 777 644 videt
797 578 861 642 altu
885 575 983 656 Luna,

356 715 404 781 Sit
425 714 572 780 reclinato
592 715 667 778 mihi
689 736 760 779 cum
780 713 881 800 puella

272 860 275 868 '
356 849 428 915 Sole
447 849 582 915 fervente
602 858 658 914 aut
677 847 789 913 veteris
810 849 869 913 sub
890 846 971 912 antri

1219 870 1222 903 Ι

653 1009 742 1095 Rupe
765 1008 896 1082 morari3

356 1146 424 1211 Aut
444 1146 478 1210 in
497 1146 641 1212 umbroso
662 1166 820 1212 nemorum
841 1165 972 1235 recessu,

358 1282 471 1348 Fertur
491 1291 527 1347 ut
547 1282 661 1346 montis
682 1304 736 1368 per
756 1290 860 1346 amota
880 1303 961 1360 rura,
982 1290 1038 1345 aut

357 1418 492 1485 Abditos
512 1419 614 1484 fontes
634 1417 712 1504 petit
733 1417 767 1481 in
787 1417 904 1482 ruentis

655 1554 799 1641 Margine
819 1554 886 1619 rivi.

980 1673 1025 1740 H.
1047 1673 1082 1740 J.
1105 1671 1151 1739 Η.
1222 1642 1224 1726 ἓ

594 1821 785 1831 ———

442 2017 620 2083 ARTURI
651 2018 945 2085 SEPULCRUM.

254 2153 283 2218 0
306 2175 363 2217 um
385 2175 468 2219 nunc
488 2157 636 2220 recubant
657 2155 767 2220 Artrui
787 2156 899 2223 nobilis
919 2159 1009 2222 ossei

255 2291 284 2355 Ο
306 2289 417 2376 quibus
437 2290 470 2354 in
491 2291 598 2379 cippis,
619 2300 675 2357 out
695 2313 756 2379 qun
772 2295 859 2379 jacet
879 2293 999 2380 integer
1021 2294 1116 2359 herbn
1225 2358 1227 2383 ι

258 2427 315 2493 Ille
335 2428 496 2514 sepulcrali
504 2431 698 2494 i-muscoso
719 2430 752 2493 in
772 2429 910 2518 margine
930 2429 1024 2496 fontis

257 2561 383 2648 Sopitur
402 2561 521 2648 placide
540 2564 716 2651 gremioque
738 2565 927 2652 Helvellynis
946 2566 1028 2631 alto:

257 2698 302 2764 Et
322 2711 414 2784 super
433 2700 566 2785 impubis
586 2701 709 2767 betullae
729 2703 815 2790 virga
835 2711 985 2768 coruscat.

257 2837 395 2920 Quercus
416 2835 508 2916 enim,
529 2837 636 2902 aestivo
657 2860 726 2924 quae
747 2847 884 2925 tempore
904 2861 996 2905 suave
1016 2862 1135 2920 sonare,

257 2973 496 3059 Auctumnoque
516 2973 601 3059 gravi
622 2973 702 3038 foliis
723 2975 871 3062 crepitare
892 2976 1019 3055 solebat,

260 3107 392 3195 Solaque
413 3109 471 3174 sub
491 3110 629 3175 brumem
652 3132 745 3176 rauca
766 3113 884 3199 mugire
905 3115 1035 3200 querela,

237 3245 391 3336 Decidit,
413 3254 445 3311 et
466 3268 561 3311 vacuo
582 3248 696 3314 betulla
717 3248 885 3315 innascitur
906 3272 989 3318 arvo.

260 3383 390 3448 Pulvere
411 3405 483 3449 cara
503 3384 558 3449 viri
580 3385 771 3452 commiscuit
792 3409 862 3453 ossa
881 3397 1028 3470 vetustus,

259 3519 304 3584 Et
323 3520 420 3585 fidum
440 3521 558 3586 scabies
578 3545 683 3588 ensem
704 3525 853 3591 damnosa
875 3528 1036 3612 peredit—
1108 3522 1110 3529 ’
1230 3497 1231 3516 Ι

139 3752 141 3763 Ι
262 3656 427 3723 Ordinibus
448 3680 536 3745 spero
558 3667 734 3726 sanctorum
754 3659 911 3728 inscnbier
931 3662 1051 3749 ipsum!

984 3799 1027 3863 A.
1050 3798 1087 3864 Β.
1112 3798 1156 3863 Η.
1230 3794 1232 3832 ¹

913 4060 1230 4097 ....-.....-......-l
