2774 4538
502 359 696 400 ultusultus
719 360 815 402 CARI.

115 818 117 826 ’
196 820 223 897 Ι,
248 843 346 898 euna,
367 842 439 885 acer
460 841 572 906 eques:
596 819 696 905 rapiat
716 828 750 884 te
770 819 883 885 mobile
903 819 1031 908 lignum,

115 951 119 980 ⁴
195 937 279 1002 (inm
300 939 353 1003 ubi
374 939 540 1004 Banburiae
561 939 679 1024 plateas
700 946 830 1004 exornat
850 939 959 1019 avitas,

197 1057 246 1121 Ut
266 1059 400 1122 vetulam
421 1058 510 1145 nigro
531 1058 636 1122 videas
656 1058 797 1144 equitare
818 1059 955 1124 uaballo:

116 1150 117 1163 '
196 1176 253 1242 eu
273 1165 405 1264 gtmmae
426 1177 459 1240 in
479 1177 631 1255 manuus,
654 1176 703 1242 eui
724 1176 932 1243 tintinnabuli
951 1177 1067 1262 plantis

196 1296 345 1378 Plurima,
367 1297 511 1363 concordi
533 1296 638 1361 sonitu
658 1295 846 1362 comitantur
866 1305 1001 1364 euntem.

1014 1418 1053 1486 F.
1071 1417 1116 1486 H.

565 1574 756 1582 -——-———-

454 1792 641 1858 ALTERA
672 1792 852 1859 VERSIO.

281 1927 420 2007 Iussus,
442 1929 635 2016 quadrivium
654 1930 695 1994 ad
717 1929 974 2002 Banburiensium

281 2050 400 2115 Manno
420 2057 454 2114 te
474 2049 604 2115 oelerem
625 2049 742 2136 corripe
762 2050 883 2138 ligneo:
909 2023 931 2042 ψ

279 2169 378 2258 Nigro
397 2178 520 2235 ventam
541 2169 584 2234 ibi
605 2191 685 2256 equo
706 2171 878 2257 conspicies
898 2194 1002 2238 anum.

279 2289 331 2353 En
351 2289 486 2376 quinque
505 2289 538 2352 in
559 2288 666 2376 digitis
686 2310 742 2353 sex
762 2291 856 2355 habet
876 2291 1016 2370 annulos,

280 2408 498 2474 Tintinnabula
518 2429 574 2473 sex
594 2409 627 2471 in
648 2407 754 2494 digitis
773 2410 907 2493 pedum!

280 2526 378 2604 Felix,
401 2528 491 2592 dulce
512 2527 618 2604 melos
641 2527 725 2613 quod
743 2528 804 2593 ciet
825 2527 970 2614 undique,

322 2647 452 2734 Quoquo
473 2647 601 2712 vertitur
621 2646 736 2713 audiet.

553 2921 742 2928 --.-——.—

482 3127 609 3208 ΗΙΝΟΙ
625 3143 823 3207 ΗΕΟΑΤΕ.

112 3289 114 3323 l
131 3246 238 3342 ‘Hinc
253 3286 286 3343 et
299 3278 421 3356 abhinc,
445 3277 569 3364 Hecate
581 3279 729 3342 l'—malu
742 3300 820 3344 anus
833 3300 897 3365 prae
911 3277 1015 3345 limine
1029 3279 1146 3355 nictat;
1202 3336 1204 3348 .

110 3397 114 3490 l
172 3396 283 3462 Sibilat
303 3396 413 3461 inferni
434 3396 576 3461 conscius
596 3396 676 3484 ignis
696 3397 835 3482 adeps—

110 3500 222 3586 i‘Sola
243 3516 326 3581 domi
346 3515 482 3581 invenies
501 3515 643 3581 salientia
663 3538 752 3581 crura
772 3516 959 3581 Joannae'-

110 3650 113 3741 g
173 3637 289 3724 Meque
310 3636 409 3722 ipsam
429 3645 463 3701 et
482 3643 613 3700 matrem
635 3657 705 3700 cum
724 3636 864 3722 genitore
884 3658 996 3702 meam.
