2796 4532
147 273 152 475 Ι
537 373 732 416 inuramus
755 371 850 415 carn.
1159 353 1199 413 55

517 633 601 698 nur
633 613 869 699 urnunuu.

186 769 256 832 nn
272 769 426 833 nauum!
449 769 669 855 arquatorum
683 769 837 834 drauum!
863 753 1008 857 reusque
1024 770 1199 858 niuesque!

228 873 336 938 Vacca
357 895 449 959 super
472 873 571 939 Lunae
592 895 708 938 cornua
728 873 888 959 prosiluit:

148 1006 150 1019 =
184 975 299 1040 Nescio
321 999 383 1061 qua
403 975 526 1041 catulus
546 974 615 1039 risit
637 972 799 1040 dulcedine
819 975 903 1052 ludi;

146 1176 148 1187 Α
226 1079 368 1144 Abstulit
389 1087 422 1144 et
442 1079 526 1164 turpi
549 1079 639 1142 Lanx
660 1078 923 1166 cochleare'fuga.
1042 1166 1076 1229 Η
1110 1167 1142 1231 D

610 1433 764 1497 EHEU!

345 1561 432 1630 ¹Hnu
456 1566 543 1652 queis
564 1568 683 1633 artibus
703 1567 840 1632 invenire
861 1569 909 1633 las
930 1576 978 1634 est

352 1669 443 1732 Illam
464 1691 503 1734 ex
524 1670 668 1736 omnibus
688 1693 750 1736 una
772 1692 841 1756 quae
862 1669 971 1756 puellis

352 1770 417 1833 Uni
440 1772 602 1836 conveniat
622 1773 724 1858 puella
745 1772 849 1838 cordi?

351 1873 429 1954 Quae
450 1873 477 1938 si
498 1875 617 1960 perfida
637 1875 679 1939 sit
700 1875 898 1962 maligniorve

350 1976 419 2040 Aut
439 1999 509 2040 sera
529 1977 659 2042 nimium
678 1987 801 2064 reperta
820 1978 894 2057 vita,

350 2078 432 2159 Quid
453 2088 561 2159 restat,
578 2081 643 2146 uisi
665 2082 731 2146 fata
751 2090 787 2146 ut
808 2081 1001 2167 increpantes

350 2181 462 2246 ‘Eheu
475 2183 494 2245 !'
523 2183 658 2248 carmine
677 2183 771 2248 flebili
792 2187 958 2250 sonemus?

349 2368 450 2430 Amor
473 2366 678 2432 Marmaricas
698 2367 792 2432 refert
812 2390 932 2447 arenas,

349 2469 418 2549 Qua
439 2468 517 2534 raris
538 2491 712 2534 recreamur
733 2492 787 2534 ora
807 2470 949 2557 lymphis.

350 2571 461 2657 Spiuas
484 2571 541 2636 Ille
561 2572 617 2636 alit
637 2573 739 2658 asperi
760 2573 891 2653 timoris,

349 2674 569 2760 Suspectaeque
580 2675 706 2741 malum
726 2677 787 2742 fide
808 2699 969 2743 venenum.

348 2778 448 2864 Atqui
470 2779 575 2842 nescio
598 2801 675 2864 quas
696 2781 797 2844 Amor
816 2803 872 2866 per
892 2789 977 2847 artes

347 2879 448 2944 Dulce
470 2881 573 2945 nescio
595 2881 778 2967 quidforet,
799 2883 848 2946 vel
870 2883 969 2948 ‘eheu
982 2885 1003 2946 Γ

348 2983 451 3068 AEgra
471 2981 615 3048 flebiliter
635 2994 765 3049 sonante
786 2985 901 3073 lingua.
1029 3074 1060 3136 Α
1096 3074 1133 3137 Μ
1233 3079 1235 3086 ⁴

467 3337 628 3402 PARVA
659 3337 889 3404 BOPAEPIA.

136 3458 139 3555 ξ
259 3470 381 3534 Pravr
405 3472 603 3558 vagabundos
625 3471 775 3558 Bopaepia
795 3474 928 3558 perdidit
949 3497 1056 3562 agnae,

136 3576 138 3586 ’
303 3575 417 3639 Nescia
437 3574 549 3640 secreti
571 3595 632 3659 quo
653 3574 771 3640 latuere
791 3575 871 3652 loei;
1231 3603 1233 3649 2

135 3640 138 3751 l
258 3677 386 3756 Bellula,
409 3687 492 3754 eant,
515 3679 647 3752 abeant3
678 3677 719 3742 ad
739 3698 856 3764 pascua
877 3688 951 3744 nota
971 3680 1123 3760 redibunt,

301 3780 345 3844 Et
366 3780 494 3845 reduces
516 3781 630 3844 caudas
651 3789 722 3865 post
743 3802 800 3845 sua
821 3789 909 3868 terga
928 3790 1046 3868 gerent.
