2774 4538
499 315 693 355 ARUNDlNES
717 315 811 354 ΟΑΜΙ.

716 437 722 441 .
741 431 877 440 ...----
894 430 903 436 -
929 427 1200 436 -η--α--ηᾷ

283 549 401 611 Actmn
422 554 488 610 est:
519 545 687 610 desinimus
707 543 782 609 levis
799 545 935 628 juventae

285 684 405 748 Vatum
425 692 458 748 et
480 683 605 747 delicias
626 681 806 757 inaniorum,

282 821 338 883 Ah
359 841 452 906 quam
472 818 593 884 somnia
613 827 712 905 grata,
734 817 905 881 somniare!

284 955 312 1019 0
333 955 438 1020 dulces
459 955 572 1033 aditus,
594 956 661 1019 dies
682 955 806 1031 amoeni,

284 1091 401 1155 Noctes
421 1091 563 1168 aureolae,
585 1091 661 1153 mihi
681 1090 789 1167 valete,

285 1227 387 1307 Quum
407 1227 521 1291 festum
541 1226 601 1290 fuit
621 1247 711 1291 omne
731 1226 939 1310 liberumque;

287 1364 418 1444 Quando
439 1363 541 1427 infans
562 1386 648 1428 amor
668 1363 744 1428 arsit
766 1363 798 1426 in
819 1360 969 1436 medullis,

287 1498 310 1561 J
312 1499 396 1562 uueti
417 1498 584 1563 foederibus
604 1499 663 1584 piis
683 1499 784 1576 amici,

288 1633 331 1696 Et
352 1633 495 1719 quicquid
515 1633 581 1697 leve
602 1633 687 1697 fulsit
707 1640 762 1696 aut
783 1638 944 1696 venustum

288 1771 418 1835 Dilectae
440 1772 630 1835 harmoniam
651 1770 724 1855 lyrae
746 1769 895 1833 docebat!

289 1908 374 1988 Quas
394 1930 457 1972 non
477 1908 595 1994 perdite
615 1929 719 1971 amare
740 1927 828 1969 mens
848 1911 979 1980 recusat,

289 2035 355 2098 Nec
375 2058 465 2100 voces
486 2036 634 2100 comitum
656 2056 751 2099 sacrae
772 2033 929 2109 tacebunt,

289 2171 381 2235 Oordi
402 2195 470 2258 quae
491 2173 618 2237 memori
640 2171 693 2236 diu
714 2178 880 2246 recurrent,

113 2316 114 2327 ¹
195 2338 197 2341 ·
289 2307 338 2370 Ut
359 2308 533 2372 solaciolum
554 2308 615 2371 mei
636 2307 759 2384 laboris,

290 2444 318 2508 Ο
339 2445 423 2509 horae
444 2445 615 2520 ambrosiae,
638 2443 714 2506 mihi
735 2441 854 2506 valete!

333 2588 422 2651 Dixti
442 2589 523 2652 heu!
548 2588 651 2652 omnia
672 2610 753 2664 vera,
776 2586 818 2649 mi
840 2583 996 2649 sodalis—

290 2721 496 2792 Bacchaualia
516 2723 628 2789 nostra
643 2723 815 2799 terminavi,

292 2855 335 2920 Et
357 2857 437 2922 soles
457 2858 534 2922 alios
555 2867 660 2944 tepere
680 2857 773 2922 sensi.

269 2954 271 2964 l
293 2995 355 3059 Sed
375 3005 462 3060 vasto
483 2997 577 3061 veluti
599 2997 631 3060 in
652 2996 745 3060 maris
765 2995 915 3082 profundo

295 3129 411 3193 Fessus
432 3139 527 3194 nauta
548 3131 631 3195 videt
652 3153 761 3194 nemus
781 3095 972 3216 paternum,—

226 3319 229 3329 .
294 3265 461 3351 Pingitque
484 3266 516 3328 in
536 3266 641 3330 vitreis
661 3267 748 3330 fretis
769 3288 916 3351 aquarum

294 3410 391 3474 Verni
412 3433 526 3495 pascua
546 3411 625 3474 ruris
646 3419 738 3497 atque
760 3411 867 3475 flores:

294 3543 346 3609 Sic
367 3567 469 3609 rerum
490 3546 565 3609 mihi
586 3547 727 3631 pertinax
748 3546 850 3633 imago

294 3680 337 3743 Et
359 3680 541 3744 desiderium
562 3681 641 3744 redit
662 3681 806 3766 priorum,
1213 3674 1216 3797 Ξ

295 3818 380 3897 Quas
400 3817 432 3880 in
453 3817 612 3903 purpureis
633 3818 782 3903 sequebar
803 3818 903 3882 annis

1102 3936 1217 4052 ,Δ

677 4049 1043 4067 -ρ--μ-...η-ι-ω---ω--ω--ν-
1048 4049 1060 4054 ν
1066 4047 1101 4054 *⁴*-

128 4064 197 4072 -ο-
205 4061 674 4072 ww
